1738 3043
655 197 808 235 LIBER
840 196 1049 236 PRIMUS.
1518 203 1566 237 13

147 289 195 327 et
218 279 385 326 Simon
420 277 588 324 Canufi
614 275 740 322 filius
756 312 769 333 ‚
809 286 950 341 atque
971 276 1201 341 Josephus
1228 276 1425 342 Caiphas
1439 314 1453 335 ,
1483 281 1563 344 qui

145 358 304 406 Jesum
327 374 417 422 pro
447 365 587 422 gente
618 355 914 402 moriturum
945 353 1252 419 prophetavit
1283 356 1376 420 (1).
1413 357 1567 405 Euse-

145 434 252 480 bius
275 432 572 481 Caesariensis
596 449 621 477 a
647 440 717 478 V1⁰
743 448 872 479 anno
897 431 1053 489 Darii,
1079 433 1161 497 qui
1186 443 1296 497 post
1312 433 1496 499 Cyrum
1520 446 1567 481 et

148 511 414 559 Cambisem
450 509 691 575 regnavit,
731 507 924 574 quando
960 526 1104 573 opera
1140 510 1304 575 templi
1338 528 1567 559 consum-

144 600 267 637 mata
287 600 400 637 sunt
414 626 428 648 ,
454 606 603 654 usque
622 587 678 634 ad
700 587 939 636 Herodem
959 598 1006 635 et
1026 588 1294 652 Augustum
1307 626 1319 647 ‚
1346 601 1567 638 numerat

144 668 193 715 in
226 668 421 715 Daniele
460 665 774 714 hebdomades
810 682 875 712 vn
904 677 951 713 et
988 682 1050 712 Lx
1083 667 1223 724 duas,
1253 684 1360 732 quae
1385 667 1569 715 faciunt

143 763 293 794 annos
311 761 616 792 ccchxxxui
633 780 646 801 ‚
669 743 861 809 quando
880 743 1123 802 Christus,
1148 744 1195 791 id
1218 755 1287 792 est
1305 746 1537 793 Hircanus
1551 783 1566 804 ‚

143 824 202 873 de
239 842 411 891 genere
455 822 841 871 Machahaeorum
881 824 1165 871 novissimus
1212 823 1432 889 pontifex
1449 861 1463 883 ‚
1509 825 1569 871 ab

143 902 332 950 Herode
349 901 591 968 jugulatus
615 912 684 948 est
700 937 715 958 ‚
743 912 790 948 et
807 903 943 965 juxta
967 901 1120 967 legem
1144 902 1376 949 successio
1398 903 1570 967 ponti-

142 980 289 1028 ficum
309 981 515 1028 cessavit.
540 979 829 1045 Hippolytus
848 996 963 1027 vero
981 980 1117 1045 regni
1135 980 1385 1027 Persarum
1406 997 1567 1027 ccxxx

142 1067 370 1124 supputat
385 1075 554 1116 annos,
574 1067 621 1105 et
634 1057 954 1104 Macedonum
970 1074 1073 1114 cce,
1098 1067 1145 1104 et
1162 1069 1271 1122 post
1291 1057 1396 1105 illos
1417 1075 1567 1122 usque

144 1134 202 1182 ad
225 1134 470 1182 Christum
502 1151 634 1191 xxx,
663 1134 709 1180 id
742 1143 810 1181 est
833 1134 892 1182 ab
925 1134 1066 1181 initio
1096 1134 1213 1199 Cyri
1245 1135 1368 1199 regis
1402 1138 1568 1181 Persa-

143 1231 253 1260 rum
280 1231 429 1279 usque
467 1212 525 1259 ad
556 1211 815 1259 adventum
850 1213 1049 1260 Domini
1088 1229 1185 1259 DLX
1221 1223 1445 1260 numerat
1477 1231 1567 1259 an-

143 1310 231 1341 nos
256 1293 352 1358 (2).
380 1294 492 1339 Haec
517 1291 574 1339 de
600 1302 874 1356 temporum
907 1292 1026 1339 serie
1060 1291 1272 1339 studioso
1303 1292 1472 1339 lectori
1499 1292 1569 1338 ri-

145 1383 299 1419 matus
332 1372 579 1428 intimavi,
619 1370 749 1435 quod
783 1370 853 1418 sol
883 1370 1083 1434 justitiae
1114 1380 1240 1417 sexta
1273 1380 1410 1418 aetate
1434 1380 1569 1417 ortus

143 1460 213 1498 est
236 1450 286 1497 in
305 1450 561 1497 novissima
583 1448 700 1496 hora
720 1447 859 1513 hujus
878 1448 1039 1496 seculi.
1058 1447 1247 1496 Amodo
1265 1449 1568 1513 propositum

143 1546 262 1593 opus
285 1528 342 1576 de
364 1545 472 1575 meo
495 1527 739 1594 aggrediar
761 1528 998 1584 Domino,
1023 1529 1154 1592 cujus
1175 1528 1225 1574 in
1244 1528 1567 1592 omnipotenti

140 1606 436 1673 benignitate
473 1607 697 1667 confido,
734 1617 782 1654 et
823 1623 992 1671 opem,
1034 1615 1088 1653 ut
1125 1607 1396 1671 incoeptum
1428 1606 1570 1672 digne

141 1703 362 1750 peragam
387 1684 444 1731 ad
468 1683 657 1732 laudem
683 1684 827 1748 ipsius
846 1720 858 1739 ‚
883 1683 1089 1731 fideliter
1112 1684 1303 1731 invoco.

188 1938 239 1983 (1)
264 1936 296 1971 11
321 1950 342 1982 y
366 1948 386 1969 a
410 1937 457 1971 ici
476 1936 668 1982 beaucoup
693 1935 978 1970 d’inexactitude
996 1942 1032 1969 et
1050 1935 1139 1969 dans
1162 1935 1214 1969 les
1233 1946 1338 1969 noms
1356 1942 1393 1969 et
1411 1934 1500 1969 dans
1518 1935 1570 1970 les

142 1995 254 2030 dates.
274 1993 422 2038 Ismaffl,
446 1993 501 2028 fils
519 1993 564 2028 de
583 1993 670 2028 Fabi
688 2000 725 2028 et
748 2005 822 2027 non
846 1993 891 2028 de
910 1992 1049 2036 Baffus,
1071 1984 1235 2036 Eleazar,
1258 1992 1312 2027 fils
1335 1992 1497 2028 d’Annas
1522 2006 1570 2028 ou

142 2056 314 2097 Ananus,
336 2054 485 2097 Simon,
509 2053 563 2088 fils
590 2053 635 2088 de
653 2053 801 2088 Camith
827 2059 864 2087 et
890 2064 965 2087 non
991 2052 1036 2086 de
1055 2052 1217 2095 Canuse,
1247 2058 1312 2086 ont
1331 2053 1388 2087 etc
1416 2052 1568 2098 grands-

143 2114 284 2161 pretrcs
302 2112 392 2147 dans
416 2112 468 2146 les
493 2112 625 2146 annees
648 2110 713 2154 23,
735 2114 780 2153 24
798 2118 834 2146 et
861 2110 903 2146 25
923 2109 1246 2145 de‘Jesus-Christ.
1274 2110 1409 2157 Joseph
1429 2110 1570 2158 Ca'i'plie

141 2173 224 2210 leur
242 2172 396 2209 succeda
413 2172 476 2207 des
494 2172 633 2207 l'annee
651 2170 717 2215 253
739 2185 804 2219 par
824 2173 1065 2219 consequent,
1088 2171 1175 2206 c’est
1193 2183 1276 2206 sous
1298 2183 1364 2206 son
1380 2171 1569 2218 pontificat

143 2232 346 2269 seulement
364 2232 448 2280 qu’a
466 2244 513 2267 eu
530 2231 604 2266 lieu
620 2231 653 2266 la
670 2231 899 2279 predication
915 2231 961 2266 de
976 2223 1185 2277 l’Evangile.

188 2294 242 2339 (a)
268 2294 316 2328 Le
335 2292 450 2328 calcu]
468 2291 647 2327 d’Eusebe
671 2298 725 2327 est
751 2291 826 2326 fort
850 2293 934 2339 pres
959 2291 1010 2326 du
1039 2290 1167 2326 chiffre
1194 2290 1480 2325 vraisemblable.
1509 2290 1570 2326 On

145 2354 245 2401 place
262 2353 552 2388 ordinairement
570 2352 602 2387 la
624 2353 773 2387 sixieme
792 2353 907 2387 annee
926 2351 971 2387 de
990 2352 1122 2387 Darius
1144 2363 1190 2386 en
1209 2350 1281 2385 l’an
1298 2349 1366 2385 515
1386 2357 1491 2385 avant
1508 2352 1569 2385 Je-

146 2413 366 2449 sus-Christ.
387 2413 525 2448 Hircan
542 2412 599 2447 sut
615 2414 677 2448 tue
696 2425 761 2459 par
778 2411 912 2447 l'ordre
931 2410 1115 2446 d'Herode
1131 2423 1177 2446 en
1195 2410 1266 2444 l'an
1280 2409 1337 2445 50.
1361 2410 1415 2444 En
1432 2417 1570 2445 retran-

146 2474 257 2508 chant
275 2485 315 2508 ce
334 2472 481 2508 dernier
499 2471 627 2507 chiffre
643 2471 692 2506 du
707 2471 920 2519 precedent,
942 2471 968 2506 il
986 2478 1079 2506 reste
1098 2472 1188 2506 trois
1202 2477 1285 2506 cent
1300 2470 1569 2517 quatre—vingt.-

146 2534 229 2581 cinq
257 2545 320 2568 ans
349 2533 395 2568 de
420 2532 581 2568 distance
604 2539 708 2567 entre
730 2532 780 2567 les
809 2531 903 2567 deux
929 2533 1173 2567 eveneincnts.
1196 2532 1243 2565 Le
1271 2529 1385 2564 calcul
1413 2530 1458 2565 de
1479 2531 1573 2564 saint

145 2592 344 2639 Hippolyte
365 2599 418 2626 est
442 2591 696 2639 pareillemcnt
715 2592 807 2626 aussi
825 2591 923 2636 juste
945 2591 1054 2638 qu’on
1073 2597 1161 2637 pcut
1181 2589 1213 2624 lc
1231 2588 1431 2624 demandei·
1449 2589 1570 2636 quaml

148 2651 172 2685 il
186 2653 289 2699 s'agit
302 2652 348 2687 de
364 2652 465 2687 dates
483 2653 576 2687 aussi
591 2664 663 2700 peu
682 2651 848 2699 preciscs.
867 2650 928 2687 On
949 2650 1047 2697 place
1064 2662 1196 2685 encore
1215 2650 1246 2685 lc
1259 2656 1571 2685 commenccnwnt

150 2709 197 2743 ‹lu
217 2712 325 2757 regne
344 2711 388 2746 dc
407 2711 525 2757 Cyrus
544 2724 588 2745 cn
608 2710 677 2745 l'an
697 2710 765 2758 559
785 2718 889 2745 avant
904 2710 1167 2745 Jews-Christ.
