1738 3043
685 169 834 209 LIBER
869 169 1071 208 PRIMUS.
1562 170 1582 203 7

172 271 317 318 usquc
353 253 407 297 :ul
448 251 742 297 nativitatem
775 248 981 305 Christi,
1024 248 1282 296 secundum
1319 247 1586 294 hebraicam

171 332 451 388 veritat-em,
497 329 609 376 anni
658 345 768 375 MMM
809 343 1022 374 nccccmi
1064 336 1414 384 numerantur5
1452 329 1587 391 juxta

171 409 578 474 computationem
595 423 709 454 vero
731 406 897 454 Isidori
916 405 1202 470 Hispalensis
1226 406 1458 470 episcopi,
1477 405 1591 453 alio-

170 504 372 553 rumque
407 485 722 552 quorumdam
760 484 1038 541 doctorum,
1078 501 1264 531 MMMMM
1300 501 1324 531 c
1360 501 1438 531 1,1v
1479 502 1588 549 sup-

169 574 418 629 putantur.
470 564 622 611 Porro
672 560 934 609 secundum
979 562 1389 626 computationem
1436 562 1589 609 Euse-

171 642 237 688 bii
278 642 576 690 Caesaricnsis
616 652 662 688 et
713 639 985 706 leronymi,
1031 638 1091 685 ab
1139 638 1290 685 Adam
1339 657 1488 705 usque
1533 639 1590 686 ad

172 736 290 766 xviil
315 737 496 766 annum
520 718 700 766 Tiberii
725 717 920 765 Caesaris
937 753 949 774 ‚
976 716 1170 782 quando
1190 716 1406 764 Christus
1430 735 1591 782 passus

169 808 266 855 est,
292 797 403 844 anni
433 814 619 844 MMMMM
646 814 700 843 cc
726 813 843 842 xxxl
871 796 995 842 fiunt
1015 795 1108 860 (1).

234 874 402 921 Omnis
451 873 747 920 credentium
790 872 1052 919 multitudo
1094 873 1143 918 in
1187 872 1371 936 Spiritu
1416 872 1593 919 Sancto

168 951 376 1008 exultet,
403 960 733 1016 aeternumque
757 950 1035 998 Creatorem
1060 949 1384 998 indesinenter
1400 950 1591 1007 adoret5

170 1030 307 1095 eique
354 1039 452 1077 tota
490 1030 668 1076 virtute
710 1029 995 1076 sacrificium
1031 1028 1180 1075 laudis
1218 1029 1469 1084 immolet,
1509 1028 1592 1093 qui

170 1108 367 1153 unicum
390 1107 566 1153 Filium
585 1125 724 1153 suum
740 1143 752 1162 ‚
775 1105 865 1153 sibi
883 1107 1153 1172 Sanctoque
1177 1106 1377 1171 Spiritui
1398 1115 1596 1152 coaeter-

170 1203 288 1232 num
316 1196 364 1232 et
393 1184 875 1242 consubstantialem,
913 1185 1149 1232 incarnari
1182 1184 1458 1242 constituit,
1487 1193 1535 1231 et
1570 1201 1595 1229 a

170 1274 303 1311 reatu
341 1264 510 1311 mortis
549 1281 737 1311 servum
778 1262 989 1311 indebita
1027 1273 1184 1310 morte
1220 1262 1329 1308 Filii
1365 1260 1592 1309 absolvit!

170 1341 387 1388 Clemens
416 1341 545 1387 enim
577 1340 832 1397 Conditor,
867 1340 949 1405 qui
982 1340 1159 1403 plasma
1192 1357 1356 1396 suum,
1386 1338 1518 1403 quod
1541 1337 1598 1384 ad

171 1419 425 1484 imaginem
463 1429 511 1466 et
547 1418 912 1465 similitudinem
940 1418 1010 1464 sui
1044 1417 1246 1475 fecerat,
1282 1417 1466 1482 lapsum
1502 1433 1599 1463 esse

170 1497 420 1546 condoluit
438 1517 451 1554 3
483 1496 903 1562 inaestimabilique
934 1496 1137 1543 consilio
1167 1494 1458 1542 inexhaustae
1477 1513 1599 1559 pro-

169 1576 418 1623 funditatis
454 1593 550 1622 suae
582 1574 793 1622 decrevit
827 1584 880 1620 ut
912 1573 1165 1638 coaequalis
1198 1572 1289 1619 sibi
1319 1573 1598 1619 damnatum

171 1654 221 1700 in
245 1653 484 1719 ergastulo
506 1653 654 1699 Filius
679 1669 870 1699 servum
902 1651 1140 1708 visitaret,
1175 1649 1516 1715 hominemque
1541 1649 1598 1696 de

170 1731 441 1796 captivitate
463 1730 673 1796 propriis
693 1729 750 1775 ad
768 1747 959 1795 gregem
981 1728 1191 1775 humeris
1210 1728 1286 1792 pie
1302 1737 1596 1792 reportaret,

171 1827 440 1874 novemque
476 1809 668 1857 ordines
695 1808 977 1874 angelorum
1012 1808 1082 1853 sui
1120 1806 1467 1854 restauratione
1502 1823 1599 1852 nu-

172 1888 290 1934 meri
315 1886 526 1950 perfecte
549 1885 838 1932 laetificaret!

240 1965 297 2010 ll.
325 1963 473 2009 Filius
501 1964 661 2028 itaque
684 1964 770 2010 Dei
796 1962 942 2009 homo
966 1962 1117 2008 sactus
1148 1961 1194 2008 id
1218 1961 1349 2027 quod
1374 1961 1469 2008 fuit
1492 1957 1601 2024 per-¹

173 2043 371 2099 mansit,
400 2052 447 2089 et
473 2041 602 2107 quod
627 2059 726 2088 non
747 2052 846 2088 erat
867 2041 1143 2105 assumpsit3
1167 2058 1265 2087 non
1288 2039 1601 2087 commixtio-

174 2137 283 2167 nem
305 2137 491 2184 passus,
525 2136 681 2184 neque
704 2118 1014 2175 divisionem,
1036 2135 1147 2165 cum
1168 2119 1306 2164 Patre
1330 2117 1602 2182 Sanctoque

174 2199 357 2264 Spiritu
389 2216 557 2263 regens
588 2197 748 2245 omnia
782 2215 868 2262 per
897 2197 1224 2254 divinitatem,
1262 2195 1452 2242 infirma
1489 2212 1603 2243 vero

174 2287 352 2324 nostrae
385 2277 540 2323 carnis
571 2277 778 2324 tolerans
809 2293 894 2340 per
918 2285 1206 2340 assumptam
1236 2273 1598 2322 humanitatem.

221 2507 271 2552 (i)
297 2506 394 2542 C’est
412 2506 445 2542 le
464 2505 579 2541 calcul
604 2505 649 2541 de
669 2504 786 2548 Bede,
816 2516 888 2552 que
914 2510 1020 2539 notre
1045 2510 1177 2538 auteur
1200 2501 1341 2549 appelle
1366 2501 1412 2536 ici
1437 2500 1470 2536 la
1489 2500 1602 2535 verite

177 2568 390 2615 licbra'i'que.
426 2568 474 2602 Le
507 2566 636 2601 chiffre
671 2565 850 2600 d’lsidom
892 2565 937 2599 de
971 2564 1102 2601 deille
1142 2564 1232 2598 n'cst
1266 2574 1327 2610 pas
1360 2560 1475 2605 5154,
1514 2562 1601 2595 mais

177 2625 266 2669 5544
288 2639 370 2669 ans;
403 2627 494 2661 celui
523 2626 701 2661 &Eristhe
729 2625 773 2660 dc
793 2625 968 2667 Cesarec,
1000 2624 1114 2667 ,hom
1143 2623 1236 2659 celui
1262 2622 1307 2658 de
1335 2622 1428 2657 saint
1456 2621 1602 2657 sei-sune

178 2687 266 2723 dans
280 2700 334 2722 ses
352 2689 552 2731 Questions
570 2688 790 2735 liclnn'i'qucs
804 2716 811 2725 ,
834 2685 937 2734 '5941-
