1738 3043
688 173 841 212 LIBER
874 174 1081 212 PRIMUS.
1543 178 1588 214 61

179 256 417 303 Suavitate
435 256 622 312 odoris,
651 271 743 320 qua
771 253 939 301 domus
970 255 1160 319 impleta
1187 264 1282 311 est,
1312 254 1452 301 Judas
1473 256 1597 303 infe-

179 335 269 391 lix,
298 335 381 400 qui
408 333 487 381 fur
509 344 610 380 erat
639 344 687 380 et
709 332 892 380 loculos
917 332 1119 390 habens,
1146 332 1481 380 scandalizatus
1499 345 1594 391 est,

178 411 363 460 devotae
381 412 522 458 etiam
539 411 752 457 mulieris
777 409 912 457 fidele
929 410 1251 457 ministerium
1268 409 1593 475 reprehendit.

178 487 267 536 Sed
296 490 530 536 Dominus
557 489 598 535 ei
629 498 806 535 temere
837 486 1110 553 objurganti
1139 499 1381 536 mansuete
1408 506 1600 554 respon—

178 565 250 613 dit
272 586 282 612 :
311 566 427 613 Sine
451 565 620 622 illam,·
642 565 820 612 bonum
838 567 961 611 enim
981 583 1102 631 opas
1122 576 1323 629 operata
1343 577 1411 612 est
1432 567 1482 612 in
1506 584 1596 614 me.

178 645 336 690 Amen
365 643 476 690 dico
499 643 586 689 tibi
605 662 616 689 .·
640 642 919 690 narrabitur·
941 644 990 689 in
1011 653 1106 690 toto
1133 642 1314 689 mando
1336 644 1601 707 qaodfeet‘t

180 719 284 768 lzoee
306 722 356 767 in
375 722 652 768 memoriam
673 722 779 786 ejus
804 721 896 784 (1).

242 798 405 845 Plures
429 798 701 845 curiositate
724 797 854 844 ducti
879 795 1158 844 Bethaniam
1182 796 1426 855 adierunt,
1452 809 1500 845 et
1524 800 1602 846 La-

179 894 341 923 zarum
365 874 732 922 manducantem
764 892 875 921 cum
906 873 1098 922 Christo
1125 874 1374 933 viderunt,
1408 875 1602 942 laetique

179 953 510 1001 testimonium
531 951 734 999 mirandi
759 954 917 1017 operis
938 951 1307 1018 perhibuerunt.
1330 952 1600 1001 Invidentes

180 1051 293 1099 ergo
321 1031 538 1098 pharisaei
572 1033 905 1098 cogitaverunt
938 1033 1270 1079 resuscitatum
1303 1032 1596 1089 interficere;

180 1110 257 1158 secl
267 1110 442 1156 frustra
451 1109 730 1157 nitebantur
741 1109 1114 1158 obstareChristi
1128 1110 1493 1174 omnipotentiae
1504 1111 1597 1175 (2).

246 1187 358 1234 XV.
389 1189 441 1233 ln
464 1188 725 1234 crastinum
746 1186 886 1234 turba
905 1188 1079 1246 multa,
1099 1206 1208 1254 quae
1233 1200 1521 1237 convenerat
1543 1189 1601 1236 ad

181 1265 307 1313 diem
339 1265 544 1323 festum,
579 1283 689 1312 cum
715 1266 915 1314 audisset
949 1267 1060 1332 quia
1088 1267 1222 1314 Jesus
1255 1268 1388 1316 venit
1413 1269 1602 1315 Jerusa-

181 1343 274 1391 lem
289 1379 303 1400 ,
330 1354 616 1408 acceperunt
639 1361 796 1391 ramos
815 1344 1081 1408 palmarum
1096 1379 1110 1401 ,
1134 1354 1181 1391 et
1203 1356 1537 1409 processerunt
1561 1346 1601 1392 ei

180 1420 390 1470 obviam.
431 1421 864 1488 Appropinquante
905 1421 1020 1469 hora
1055 1422 1423 1481 immolationis,
1456 1441 1603 1488 agnus

180 1499 266 1546 Dei
295 1499 455 1547 locum
479 1501 677 1565 expetiit
698 1500 944 1565 passionis.
984 1500 1077 1561 Qui
1103 1518 1213 1548 cum
1237 1501 1439 1549 venisset
1463 1501 1605 1549 Beth-

180 1577 332 1643 phage
350 1577 407 1624 ad
429 1588 648 1626 montem
665 1578 837 1627 Oliveti
856 1615 869 1637 ‚
892 1589 1009 1626 tunc
1026 1579 1145 1627 duos
1167 1597 1225 1627 ex
1247 1580 1490 1645 discipulis
1510 1581 1604 1627 suis

181 1655 341 1713 misit,
365 1654 525 1704 dicens
549 1674 559 1700 :
590 1657 663 1703 Ite
686 1658 736 1704 in
758 1657 1011 1705 castellum,
1038 1657 1173 1722 qaod
1196 1669 1365 1705 eontra
1391 1676 1480 1705 vos
1507 1669 1599 1716 est,

184 1745 227 1780 et
244 1735 407 1780 statim
426 1736 670 1783 invenietis
690 1737 884 1783 asinam
903 1736 1189 1802 alligatam,
1215 1747 1260 1787 et
1274 1736 1471 1803 pallam
1497 1755 1606 1784 cam

183 1828 259 1857 ea.
298 1811 497 1871 Solvite,
532 1824 576 1860 et
613 1813 845 1861 adducite
880 1814 1014 1861 mihi.
1053 1814 1235 1861 Euntes
1273 1825 1432 1862 autem
1466 1814 1607 1861 disci-

184 1887 311 1952 puli,
346 1889 525 1935 asinam
549 1900 597 1937 et
625 1891 814 1954 pullum
843 1891 1170 1949 adduxerunt,
1196 1909 1338 1956 super
1362 1909 1441 1939 eos
1463 1892 1607 1939 vesti-

185 1976 345 2013 menta
397 1985 474 2014 sua
526 1969 858 2033 imposuerunt
879 2005 893 2027 ,
949 1987 1152 2034 eumque
1202 1970 1402 2034 desuper
1448 1970 1607 2017 sedere

185 2044 422 2091 fecerunt.
460 2046 578 2093 Ecce
617 2065 699 2094 rex
735 2057 923 2105 noster,
958 2048 1080 2094 sicut
1116 2047 1174 2095 de
1214 2048 1297 2096 illo
1325 2048 1606 2113 jamdudum

183 2123 494 2170 vaticinatum
521 2134 616 2183 est,
653 2143 752 2173 non
790 2125 919 2174 sedet
950 2127 997 2173 in
1036 2144 1182 2173 curru
1215 2144 1360 2175 aureo
1392 2144 1603 2192 purpura

165 2199 397 2266 fulgen&
433 2219 521 2249 nec
552 2203 762 2250 ascendit
794 2203 1034 2252 fervidum
1069 2222 1247 2270 equum
1278 2205 1527 2253 discordiae
1560 2217 1607 2253 et

186 2277 282 2325 litis
303 2289 588 2338 amatorem3
623 2281 701 2329 sed
731 2281 860 2330 sedet
888 2300 1029 2348 super
1048 2283 1228 2330 asinam
1248 2283 1606 2350 tranquillitatis

187 2367 234 2406 et
256 2359 381 2423 pacis
405 2361 622 2407 amicam.
652 2361 763 2408 Non
790 2360 932 2409 habet
958 2363 1004 2408 in
1031 2363 1235 2409 circuitu
1257 2380 1343 2410 suo
1361 2363 1607 2428 splenden-

190 2446 257 2484 tes
279 2437 483 2502 gladios,
514 2438 593 2486 sed
617 2440 749 2487 venit
778 2450 1075 2498 mansuetu53
1105 2458 1205 2490 non
1234 2450 1290 2487 ut
1316 2459 1402 2506 per
1426 2452 1605 2505 poten-

237 2628 436 2672 (1)Matt11.
455 2642 550 2675 xxvi,
568 2630 681 2675 6-13;
699 2632 809 2667 Marc.
830 2644 898 2674 xiv,
914 2630 999 2680 3-9;
1015 2633 1145 2668 Joanu.
1168 2645 1214 2668 xii
1229 2662 1236 2675 ,
1261 2634 1603 2677 1-8.-(2)Joann.

196 2696 237 2718 xii
252 2712 260 2727 ,
278 2699 381 2733 9-11·
