1738 3043
222 223 301 258 319.
590 216 833 254 HISTORIA
864 215 1268 254 ECCLESIASTICA.

221 316 332 345 rans
347 333 359 353 ,
385 298 450 342 ait
479 316 488 340 :
522 297 550 340 Ῑ
561 296 649 340 'ere
671 294 853 356 artifex·
875 313 949 353 es,
983 306 1025 340 et
1055 295 1190 341 decet
1214 306 1257 341 te
1285 295 1472 358 regibus
1495 299 1645 344 mini-

222 388 388 422 strare.
412 371 592 419 Deinde
614 372 822 419 infinitas
843 371 909 418 illi
936 373 1156 436 pecunias
1180 372 1481 437 relinquens,
1505 372 1639 422 abiit.

289 451 544 517 Apostolus
584 450 815 515 siquidem
854 450 1001 514 coepit
1037 450 1306 514 provincias
1347 460 1396 497 et
1434 451 1645 501 civitates

223 531 477 578 circumire
491 565 502 585 ‚
529 527 730 576 verbum
747 528 939 576 Domini
963 528 1222 593 praedicare
1237 566 1248 588 ,
1269 528 1513 577 credentes
1528 528 1648 596 bap-

224 611 368 656 tizare
403 618 451 655 et
483 607 640 673 egenis
677 605 975 653 abundanter
1007 606 1202 653 donare.
1242 607 1648 656 Innumerabilem

226 689 383 752 itaque
399 685 633 750 populum
649 685 860 731 Domino
873 684 1121 748 acquisivit
1134 720 1147 740 ,
1167 685 1362 732 clericos
1379 685 1643 744 ordinavit,

224 764 438 812 ccclesias
466 761 739 817 fabricavit3
767 770 814 807 et
841 778 927 825 per
953 770 1110 808 totum
1134 760 1410 819 biennium,
1441 779 1540 829 quo
1563 780 1647 810 rex

225 842 533 889 Gundasorus
568 840 733 886 absens
766 838 886 895 fuit,
923 839 1136 886 ecclesias
1172 839 1396 888 firmavit.
1431 840 1648 907 Cumque

225 937 308 966 rex
335 919 539 965 venisset
572 926 617 963 et
649 915 850 980 apostoli
885 914 1006 961 facta
1042 915 1459 980 deprehendisset,
1494 919 1649 983 ipsum

226 1014 336 1043 cum
358 993 559 1041 Abbane
579 994 709 1041 ferro
737 994 923 1039 vinctos
945 992 993 1038 in
1025 993 1115 1040 ima
1139 995 1338 1041 carceris
1364 994 1490 1042 trudi
1521 1013 1651 1060 prae-

228 1074 370 1139 cepit.
413 1071 477 1118 Et
514 1071 746 1137 quoniam
784 1069 886 1118 Gad
923 1069 1072 1117 frater
1109 1071 1231 1136 regis
1270 1072 1319 1118 in
1355 1074 1651 1121 extremitate

226 1153 338 1198 vitae
362 1149 643 1214 languebat,
673 1148 1058 1197 interfectionem
1084 1166 1251 1196 eorum
1270 1149 1472 1198 distulit.
1501 1152 1653 1200 Cum-

230 1248 324 1296 que
357 1229 587 1294 cogitaret
625 1238 680 1274 ut
711 1228 923 1275 viventes
961 1228 1224 1276 excoriaret
1264 1240 1312 1276 et
1353 1229 1415 1276 ita
1451 1229 1653 1277 flammis

230 1308 438 1355 traderet
450 1343 462 1365 ,
485 1307 695 1354 moritur
712 1305 813 1352 Gad
829 1324 1080 1372 germanus
1100 1309 1215 1371 ejus.
1238 1307 1303 1354 Et
1319 1309 1428 1374 quia
1444 1308 1654 1357 multum

231 1384 497 1445 amabatur,
536 1384 592 1431 fit
625 1383 938 1431 intolerabilis
972 1384 1145 1431 luctus.
1178 1384 1375 1432 Barbari
1406 1397 1655 1434 mortuum

230 1481 321 1528 pro
344 1465 443 1510 ritu
467 1463 621 1528 gentis
643 1480 855 1527 purpura
880 1473 927 1509 et
950 1461 1095 1527 bysso
1119 1463 1445 1522 circumdant,
1468 1473 1655 1511 totum-

232 1560 325 1606 que
354 1558 526 1605 corpus
544 1541 742 1605 gemmis
765 1551 1044 1603 perornant.
1067 1541 1162 1588 Rex
1184 1559 1375 1607 quoque
1393 1560 1449 1590 ex
1470 1560 1655 1607 purpu-

233 1618 325 1664 reis
354 1616 588 1681 lapidibus
615 1617 895 1663 memoriam
923 1617 998 1680 (ι)
1024 1619 1120 1680 ejus
1144 1618 1327 1675 extrui,
1354 1628 1402 1665 et
1426 1619 1579 1682 ipsum
1603 1619 1654 1666 in

235 1695 371 1743 labro
403 1712 646 1759 purpureo
673 1695 788 1758 poni
822 1695 914 1758 (2).
950 1696 1132 1741 Interea
1157 1694 1271 1742 dum
1303 1695 1362 1742 ab
1393 1695 1655 1743 artificibus

234 1791 463 1839 pomposa
482 1784 821 1840 peragerentur
839 1790 999 1837 opera,
1025 1772 1223 1838 ideoque
1242 1773 1378 1821 fieret
1393 1775 1491 1838 ejus
1503 1774 1656 1839 sepul-

236 1863 358 1899 turae
384 1869 516 1898 mora
530 1870 542 1908 3
566 1850 668 1898 Gad
694 1851 789 1915 ipse
803 1886 816 1907 ,
844 1851 925 1916 qui
947 1861 1165 1897 mortuus
1187 1850 1366 1910 fuerat,
1394 1853 1655 1900 resurrexit

233 1941 401 1997 quarta
431 1929 530 1986 die,
567 1929 684 1978 hora
714 1929 805 1976 diei
839 1929 1011 1993 prima.
1050 1929 1114 1975 Et
1145 1928 1297 1975 factus
1329 1939 1399 1977 est
1432 1947 1580 1994 pavor
1607 1941 1655 1979 et

235 2018 404 2070 stupor
427 2017 476 2053 et
507 2006 750 2052 silentium
773 2004 1026 2063 omnibus,
1054 2005 1135 2070 qui
1168 2023 1302 2054 more
1326 2006 1491 2054 Indico
1518 2005 1655 2054 exhi-

233 2083 413 2131 bebant
435 2083 566 2147 regio
590 2082 746 2130 funeri
768 2082 1003 2147 planctus.
1026 2086 1178 2131 Porro
1202 2082 1303 2131 Gad
1320 2081 1655 2131 Gundaforum

234 2178 394 2226 regem
423 2159 690 2224 redarguit,
717 2160 848 2226 quod
879 2161 1083 2208 amicum
1115 2161 1228 2218 Dei,
1257 2160 1331 2207 cui
1363 2160 1654 2209 famulantur

233 2239 412 2303 angeli,
446 2237 750 2301 disposuisset
782 2239 1022 2285 excoriare
1047 2249 1094 2286 et
1122 2239 1390 2287 incendere.
1422 2239 1651 2287 Palatium

234 2317 374 2363 etiam
399 2315 447 2360 in
476 2314 599 2362 coelo
632 2314 947 2361 inenarrabile
979 2333 1025 2362 se
1055 2315 1223 2363 vidisse
1253 2316 1445 2375 retulit,
1473 2334 1528 2364 eo
1551 2316 1650 2364 fac-

276 2539 327 2582 (1)
353 2535 531 2571 Memoria
549 2543 603 2571 cst
625 2537 791 2583 employc'·
813 2539 857 2573 ici
879 2538 966 2573 dans
988 2539 1021 2574 le
1044 2551 1125 2574 sens
1142 2539 1188 2575 de
1210 2547 1497 2585 monumentum,
1519 2542 1642 2587 sepul-

229 2610 342 2632 crum.
364 2595 425 2632 On
440 2603 566 2630 trouve
581 2596 669 2631 dans
689 2598 780 2632 saint
795 2599 979 2646 Augustin
998 2615 1003 2633 τ
1024 2602 1196 2635 memoria
1215 2605 1453 2644 marmorata,
1475 2601 1645 2640 tombeau

230 2657 274 2690 «le
295 2654 453 2690 marbre.
469 2654 635 2689 Labrum
648 2670 873 2701 purpureum
889 2676 895 2691 :
916 2658 1138 2705 sarcophage
1151 2658 1196 2693 de
1212 2658 1408 2705 porphyre.

273 2717 324 2760 (a)
349 2715 501 2759 Aioutez
524 2730 528 2748 :
549 2715 665 2761 jubel.
