1738 3043
549 245 703 284 LIBER
731 246 1012 284 SECUMWS.
1419 248 1495 284 293

66 327 204 393 pedes
223 328 423 393 apostoli
442 330 743 391 jactaverunt
757 361 770 383 ,
794 337 840 372 et
861 344 969 372 cum
989 326 1153 372 multis
1175 325 1365 373 {letibus
1385 344 1492 373 euni

66 415 355 470 rogaverunt
381 415 433 451 ut
455 405 503 451 in
525 404 721 451 nomine
745 403 828 449 Dei
850 404 920 449 sui
946 403 1071 449 hunc
1092 406 1344 467 juvenem,
1373 405 1494 451 sicut

66 484 375 543 Drusianam,
410 483 681 538 suscitarem
710 492 1010 546 matremque
1037 482 1225 528 viduam
1251 493 1298 529 et
1321 485 1494 548 conju-

65 578 197 626 gem,
225 578 368 626 quam
400 577 554 624 nuper
577 558 803 615 duxerat,
833 559 911 623 pie
935 559 1182 606 relevaret.
1212 560 1350 607 Tunc
1374 579 1495 625 apo—

66 639 214 686 stolus
236 649 530 704 prostratus,
551 637 668 685 flens
692 637 956 684 diutissime
981 639 1161 694 oravit,
1189 649 1236 685 et
1262 651 1332 686 ter
1357 658 1494 687 exur-

65 735 180 782 gens
216 715 275 763 ab
314 716 533 764 oratione
572 733 739 762 manus
779 733 882 761 suas
922 714 980 761 ad
1023 715 1203 762 eoelum
1245 717 1494 781 expandit,

67 797 354 861 tacitamque
393 812 583 859 precem
624 794 887 842 diutissime
921 794 1064 841 fudit.
1105 795 1286 842 Deinde
1326 814 1498 860 corpus

69 873 343 921 involutum
378 873 496 920 solvi
533 873 787 938 praecepit,
818 875 1141 940 juvenemque
1171 875 1373 939 proprio
1404 893 1498 922 no-

68 953 198 999 mine
231 952 445 1010 vocavit,
474 968 526 997 ac
550 961 603 997 ut
629 962 925 1016 resurgeret,
950 970 1185 1018 verusque
1220 954 1417 1000 nuntius
1442 955 1500 1002 de

68 1031 165 1086 his,
195 1047 303 1094 quae
336 1028 591 1076 defunctus
626 1029 836 1087 viderat,
870 1030 1028 1088 fieret,
1058 1031 1326 1096 imperavit.
1360 1033 1499 1079 Tunc

67 1111 279 1157 Stacteus
300 1127 554 1174 exsurgens
583 1109 854 1174 apostolum
879 1109 1126 1167 adoravit,
1162 1121 1208 1157 et
1242 1110 1499 1176 discipulos

66 1191 164 1253 ejus
198 1189 444 1254 increpare
471 1189 621 1252 eoepit
649 1209 658 1234 :
687 1189 931 1254 Angelos,
964 1190 1153 1254 inquit,
1177 1201 1361 1236 vestros
1392 1191 1502 1236 vide?

52 1269 259 1333 flentes,
286 1268 486 1332 angelos·
515 1268 719 1315 Satanae
753 1270 802 1314 in
832 1279 995 1315 vestra
1026 1269 1292 1333 dejectione
1323 1281 1500 1333 gratu—

69 1348 240 1395 lantes.
280 1349 502 1412 Regnum
532 1365 721 1412 quoque
743 1349 857 1412 jam
885 1347 997 1393 vicli
1015 1359 1245 1412 paratum
1267 1348 1433 1405 vobis,
1460 1361 1503 1394 el

69 1445 131 1472 ea·
156 1425 522 1473 eoruscantibus
541 1425 743 1490 gemmis
765 1435 890 1471 zetas
911 1426 1170 1473 instructas
1182 1425 1361 1490 plenas
1377 1444 1503 1490 gau-

69 1505 166 1551 diis
176 1541 193 1561 ,
215 1504 372 1570 epulis
397 1516 441 1550 et
465 1503 670 1562 divitiis,
691 1505 797 1550 vita
810 1516 1075 1571 perpetua,
1097 1505 1278 1551 lumine
1295 1517 1472 1553 (eterno
1485 1546 1496 1563 ‚

62 1582 241 1647 plenas
272 1581 673 1629 delectationibus
704 1599 827 1646 quas
858 1582 1090 1629 amisistis
1101 1604 1123 1638 ,·
1155 1594 1198 1628 et
1229 1582 1340 1630 loca
1370 1594 1503 1630 tene-

71 1660 263 1708 brarum
281 1660 440 1719 vobis,
456 1661 585 1727 prola
600 1660 771 1708 dolor!
792 1662 1095 1726 adquisistis,
1101 1660 1259 1727 plena
1280 1661 1505 1709 draconi-

71 1738 159 1785 bus
183 1750 228 1785 et
251 1739 520 1803 angustiis,
548 1737 704 1804 plena
731 1738 1045 1785 stridentibus
1062 1738 1287 1802 flammis
1321 1750 1365 1785 et
1390 1757 1505 1786 em—

72 1816 305 1874 ciatibas,
337 1816 490 1881 plena
516 1815 775 1881 putoribus
814 1828 858 1862 et
891 1816 1158 1863 doloribus.
1198 1817 1313 1865 Haec
1348 1827 1396 1864 et
1434 1817 1505 1864 his

72 1893 240 1939 similia
267 1892 454 1940 dicente
479 1892 690 1949 Stacteo‚
719 1891 972 1957 obstupuit
991 1893 1187 1957 populi,
1215 1894 1296 1958 qui
1319 1894 1499 1949 aderat,

74 1971 353 2019 multitudo.

139 2050 327 2097 Atticus
359 2060 517 2097 autem
550 2060 597 2097 et
630 2051 901 2115 EugeniUS‚
937 2069 1045 2098 cum
1081 2051 1162 2100 illo
1187 2053 1270 2117 qui
1304 2055 1507 2100 resusci-

78 2139 200 2176 tatus
220 2129 376 2176 suerat
391 2165 404 2186 ,
426 2139 536 2176 ante
555 2129 824 2193 apostolum
844 2131 1073 2193 prostrati
1095 2140 1233 2187 suut,
1257 2131 1505 2197 ipsumque

76 2207 272 2272 pariter,
300 2216 353 2253 ut
377 2224 466 2271 pro
486 2207 550 2253 eis
570 2206 694 2271 apud
719 2207 985 2254 Dominum
1010 2207 1352 2266 intercederet,
1375 2228 1507 2275 roga-

78 2294 267 2332 verunt.
304 2283 520 2348 Denique
555 2283 934 2349 supplicantibus
960 2285 1051 2332 illis
1077 2296 1266 2332 sanctus
1299 2287 1506 2334 Joannes

79 2363 208 2411 dedit
244 2363 293 2410 in
320 2363 557 2427 responsis
584 2375 638 2409 ut
669 2382 753 2429 per
785 2382 884 2411 xxx
913 2365 1011 2411 dies
1036 2367 1136 2412 Deo
1165 2367 1505 2430 poenitentiam

81 2441 339 2497 offerrent,
370 2441 417 2487 in
442 2458 540 2505 quo
560 2442 715 2505 spatio
734 2443 939 2490 maxime
957 2442 1048 2490 hoc
1067 2461 1091 2489 a
1114 2445 1212 2491 Deo
1238 2456 1507 2508 poscerent,

86 2530 318 2583 quatenus
338 2537 490 2566 aure÷e
510 2519 655 2584 virgae
674 2520 731 2566 ad
749 2538 879 2566 suam
900 2531 1119 2567 naturam
1138 2521 1373 2580 redi1·ent;
1400 2524 1510 2588 lapi-

85 2595 163 2642 des
185 2613 377 2662 quoque
398 2596 454 2643 ad
478 2596 707 2644 vilitatem
722 2633 734 2654 ,
761 2614 852 2662 qua
872 2598 971 2644 nati
992 2598 1180 2645 fuerant
1192 2636 1204 2656 ‚
1229 2612 1507 2646 remcarmt.

90 2674 281 2723 Factum
314 2687 379 2723 cst
413 2686 566 2724 autem
599 2687 643 2722 nt
683 2693 772 2722 xxx
808 2677 990 2723 ‹livi-um
1027 2679 1242 2725 transiret
1275 2679 1507 2742 spatium,
