1738 3043
399 487 633 542 LIBER
679 485 1114 543 SECUNDUS.

118 790 459 837 SALU‘rmERAM
487 790 695 837 humano
719 792 881 855 generi
905 791 1249 850 visitationem,
1277 795 1469 859 quando

55 869 280 933 temporis
318 868 566 933 plenitudo
607 869 764 925 venit,
807 868 1012 916 coelestis
1050 871 1222 934 gratia,
1267 881 1321 918 ut
1361 883 1471 921 ante

39 946 216 994 ‘mundi
252 946 648 994 constitutionem
686 945 995 1010 praeviderat,
1034 948 1293 996 clementer
1333 949 1472 996 exhi-

52 1023 183 1083 buit,
213 1035 261 1072 et
285 1026 407 1071 circa
442 1023 744 1071 novissimam
776 1023 933 1070 saeculi
960 1024 1127 1072 horam
1153 1026 1301 1088 radiis
1333 1045 1471 1075 novae

53 1100 167 1148 lucis
194 1101 440 1150 tenebrosa
463 1100 739 1147 mortalium
761 1100 903 1147 corda
925 1101 1228 1149 illuminavit.
1257 1104 1472 1152 Salvator

53 1164 178 1227 enim
217 1188 380 1225 noster
414 1178 545 1224 Jesus
585 1175 824 1235 ChristuS,
864 1188 918 1224 ut
953 1178 1153 1226 altisona
1195 1181 1342 1226 sancti
1378 1198 1471 1228 vox

51 1255 290 1321 Evangelii
324 1272 409 1302 nos
442 1255 673 1302 veraciter
702 1255 922 1312 instruit,
952 1266 1034 1303 xv⁰
1072 1257 1257 1321 imperii
1287 1257 1469 1306 Tiberii

53 1332 243 1381 Caesaris
267 1350 419 1389 anno,
449 1333 497 1379 in
527 1331 733 1379 Jordane
759 1332 1048 1397 baptismum
1072 1352 1094 1381 a
1119 1335 1302 1383 Joanne
1322 1354 1472 1384 susce-

51 1412 122 1476 pit
155 1412 248 1474 (1),
288 1421 334 1458 et
371 1409 524 1457 tribus
557 1410 693 1457 semis
728 1411 865 1457 annis
901 1410 1197 1459 evidentibus
1240 1414 1383 1479 signis
1425 1427 1472 1462 et

52 1489 276 1554 prodigiis
300 1506 438 1536 verus
475 1488 544 1535 sol
579 1487 801 1546 emicuit,
831 1506 1056 1554 suamque
1085 1490 1336 1549 deitatem,
1376 1511 1468 1558 qua

51 1568 203 1625 Patri,
225 1568 498 1632 Sanctoque
512 1567 710 1631 Spiritui
727 1567 978 1632 coaequalis
994 1579 1040 1614 et
1055 1569 1470 1619 consubstantialis

53 1655 191 1710 atque
227 1655 492 1691 coaeternus
528 1654 621 1700 est,
660 1643 843 1691 mundo
880 1643 1242 1693 demonstravit.
1284 1648 1469 1696 Deinde

53 1732 226 1771 xxx111⁰
244 1723 393 1769 aetatis
413 1739 509 1768 suae
529 1738 656 1768 anno
676 1722 942 1786 passionem
963 1723 1010 1769 in
1030 1741 1193 1782 cruce,
1215 1723 1469 1773 hominum

52 1817 139 1867 pro
163 1800 399 1858 remedio,
430 1801 688 1848 clementer
711 1800 935 1864 pertulit,
959 1812 1005 1848 et
1022 1801 1257 1849 destructa
1283 1814 1465 1861 morte,

54 1893 142 1943 qua
165 1896 310 1943 genus
336 1877 595 1924 humanum
619 1877 813 1923 vinculo
831 1879 974 1940 justae
1001 1878 1318 1926 damnationis
1345 1881 1468 1928 irre-

55 1955 191 2002 titum
211 1955 424 2020 quinque
452 1953 662 1999 millibus
682 1970 920 2000 annorum
952 1964 1192 2011 tenuerat,
1223 1955 1466 2003 infernum

54 2034 293 2099 spoliavit,
321 2031 600 2096 devictoque
624 2032 791 2077 Satana
816 2042 1033 2096 serpente
1055 2033 1255 2098 antiquo
1272 2071 1283 2092 ‚
1311 2035 1467 2082 victor

55 2126 79 2157 a
99 2110 300 2158 mortuis
327 2110 464 2156 tertia
488 2107 562 2155 die
589 2109 863 2155 resurrexit.
891 2109 1105 2174 Denique
1134 2116 1216 2155 XL⁰
1241 2110 1315 2157 die
1339 2121 1466 2175 post-

55 2203 192 2253 quam
211 2203 318 2234 suos
337 2184 596 2232 manifestis
616 2184 966 2232 ostensionibus
987 2204 1082 2232 suae
1103 2188 1466 2235 resurrectionis

55 2279 186 2312 veros
214 2274 352 2312 testes
381 2262 707 2320 confirmavit,
734 2273 781 2310 et
804 2263 988 2309 cunctis
1012 2265 1328 2329 evangelizare
1351 2283 1464 2330 gen-

98 2430 148 2475 (ι)
172 2432 223 2468 Ce
240 2431 331 2467 n’est
347 2431 450 2478 point
469 2430 557 2465 dans
574 2431 606 2465 la
625 2431 848 2478 quinziemc,
869 2432 958 2466 mais
973 2444 1019 2466 au
1038 2440 1351 2468 commencement
1369 2433 1414 2468 de
1430 2434 1463 2469 la

57 2489 216 2526 oeizieme
239 2493 353 2526 annet:
377 2491 427 2526 du
448 2492 559 2538 regne
586 2491 630 2525 de
650 2491 802 2534 'siben-c,
821 2504 892 2539 que
911 2491 944 2526 le
962 2492 1129 2539 bapteme
1147 2492 1192 2528 de
1209 2494 1462 2529 Jc'sus-Christ

56 2553 117 2583 eut
138 2547 222 2584 lieu.
242 2550 297 2594 Si,
318 2562 459 2585 comme
477 2562 523 2584 on
544 2548 576 2584 le
599 2561 708 2596 pense
733 2550 1003 2596 generalement
1019 2551 1272 2597 aujourd'hui,
1297 2552 1322 2587 il
1342 2559 1395 2587 est
1416 2556 1460 2588 ne

117 2606 196 2654 plus
212 2608 292 2643 tard
312 2611 331 2643 ἐι
354 2608 385 2644 la
410 2609 457 2643 fin
476 2608 520 2643 de
536 2608 675 2643 l'annee
699 2611 767 2656 749
790 2608 834 2643 de
854 2608 988 2653 Rome,
1006 2610 1032 2644 il
1049 2611 1136 2646 etait
1155 2611 1222 2658 age
1240 2611 1322 2646 d’au
1342 2612 1460 2647 moins

51 2615 268 2766 §late—sept
280 2679 343 2702 ans
358 2668 585 2702 commences
600 2669 618 2701 ἐι
632 2666 797 2714 l'epoque
815 2666 860 2701 de
875 2679 939 2702 son
954 2668 1203 2704 cruciliement
1215 2682 1261 2704 en
1281 2669 1349 2717 786
1365 2669 1459 2715 (dix-

129 2723 240 2759 vieme
265 2727 378 2760 annee
403 2724 448 2760 de
477 2725 610 2760 Tiberc
640 2731 676 2760 et
702 2737 774 2759 non
801 2737 863 2772 pas
893 2725 1174 2769 dix-1111itieme‚
1201 2740 1342 2762 comme
1369 2739 1460 2762 nous

61 2775 186 2818 Patous
203 2782 258 2818 dit
272 2784 448 2820 ci-dessus
466 2797 530 2832 pai·
549 2784 819 2826 inadverlance,
841 2798 872 2832 p.
894 2787 959 2830 ιη).

1239 2849 1262 2860 Π

153 2860 184 2889 1.
1212 2863 1263 2892 13
