1738 3043
179 219 257 255 380
545 216 782 255 HISTORIA
814 217 1217 258 ECCLESIASTICA.

182 296 417 360 praedixit.
439 296 636 342 Sanctus
656 315 768 361 ergo
787 298 859 342 vir
876 298 1045 362 gaudio
1069 317 1239 363 magno
1266 301 1469 365 repletus
1489 302 1588 350 Deo

182 374 350 435 gratias
379 373 497 437 egit,
534 383 580 419 rt
615 374 792 420 exitum
825 392 961 420 suum
995 391 1080 438 per
1111 375 1243 422 binas
1279 376 1591 425 hebdomadas

180 449 371 495 assiduis
391 451 582 513 jejuniis
611 461 657 497 et
688 451 854 516 vigiliis
887 470 937 497 ac
963 452 1256 499 orationibus
1289 455 1588 519 praeparavit.

182 530 369 575 Statuto
388 530 512 576 enim
542 539 753 593 tempore
773 531 926 577 nortis
939 567 951 587 ,
971 540 1079 594 post
1101 531 1335 578 modicam
1354 533 1591 597 pausatio-

182 623 291 652 nem
310 642 321 661 ,
350 624 456 671 quae
491 606 633 655 fossos
656 619 783 654 artus
808 608 1071 665 recreabat,
1109 609 1165 655 ad
1194 611 1458 659 orationem
1483 628 1592 656 sur-

182 683 346 749 gebat,
383 695 430 731 et
453 703 599 750 usque
624 687 670 732 in
698 686 860 733 horam
895 687 1143 733 secundam
1182 687 1271 735 diei
1305 686 1523 753 precibus
1545 698 1594 735 et

183 761 355 808 (livinis
372 763 585 810 laudibus
607 763 864 811 insistebat.
886 764 1064 811 Deinde
1088 766 1367 813 sacrificium
1385 766 1594 814 Domino

187 840 234 884 in
265 839 375 885 liora
403 840 600 886 secunda
625 858 714 905 pro
742 859 788 887 se
811 851 857 887 et
881 842 1011 887 omni
1037 842 1241 888 Ecclesia
1267 842 1519 899 offerebat,
1546 852 1595 890 et

183 927 342 979 postea
378 935 524 982 usque
551 918 597 963 in
628 935 874 981 vesperum
898 917 1076 964 assidue
1105 917 1406 982 praedicabat.
1443 919 1594 966 Nocte

187 1011 298 1040 vero
325 997 422 1058 jam
459 994 762 1042 incumbente
794 994 988 1042 arduam
1019 994 1105 1041 sibi
1144 996 1411 1060 impositam
1444 996 1595 1043 victus

185 1071 456 1118 alimoniam
472 1111 482 1131 ,
511 1090 679 1136 panem
702 1073 876 1119 scilicet
902 1083 950 1119 et
971 1089 1163 1138 aquam,
1189 1071 1496 1137 percipiebat.

249 1148 678 1214 Appropinquante
699 1150 958 1197 vocationis
979 1150 1184 1196 termino
1199 1185 1212 1206 ,
1236 1151 1309 1195 vir
1326 1149 1410 1196 Dei
1429 1149 1597 1197 fratres

187 1228 465 1273 convocavit
503 1239 549 1274 et
588 1227 746 1274 obitus
788 1228 856 1273 sui
894 1226 1019 1274 diem
1059 1227 1308 1273 imminere
1344 1225 1596 1286 indicavit,

189 1304 476 1369 nuntiosque
501 1323 585 1369 per
603 1306 842 1352 universas
865 1305 1080 1369 regiones
1100 1315 1146 1351 et
1171 1304 1459 1369 provincias,
1485 1321 1598 1370 quas

189 1381 284 1445 ipse
308 1382 514 1429 Domino
534 1383 838 1447 acquisierat,
860 1382 1126 1429 destinavit.
1149 1382 1293 1428 Multi
1313 1393 1470 1429 autem
1489 1399 1600 1428 cum

187 1477 357 1524 magno
391 1461 565 1524 ejulatu
603 1471 960 1516 convenerunt,
998 1460 1202 1524 populus
1235 1460 1412 1506 scilicet
1446 1460 1599 1506 Picta-

189 1538 401 1582 sensium
419 1573 431 1593 ,
469 1538 837 1601 Biturigensium
853 1573 866 1594 ‚
895 1537 1250 1593 Arvernorum,
1273 1537 1595 1594 wasconum,

190 1615 259 1660 vel
287 1614 575 1661 Gothorum.
603 1615 1031 1680 Appropinquante
1051 1625 1205 1661 autem
1226 1613 1385 1662 obitus
1404 1614 1473 1660 sui
1493 1614 1594 1670 die,

189 1692 465 1757 rogantibus
491 1694 697 1749 cunctis,
734 1703 863 1740 extra
897 1693 1098 1738 civitatis
1123 1703 1309 1755 portam
1326 1728 1339 1749 ,
1365 1709 1472 1757 quae
1496 1692 1598 1738 Cal-

189 1772 318 1817 ciuca
343 1772 414 1834 (ι)
443 1771 634 1828 dicitur,
669 1771 898 1835 perrexit;
928 1770 1087 1835 ibique
1111 1788 1378 1818 sermonem
1407 1770 1464 1818 de
1494 1787 1600 1818 vera

190 1848 280 1895 side
305 1859 351 1895 et
373 1848 544 1894 divinis
577 1847 799 1912 operibus
832 1848 1004 1904 edidit,
1031 1857 1170 1912 atque
1193 1847 1350 1894 beatas
1374 1847 1599 1906 virtutes,

189 1926 361 1991 quibus
385 1926 610 1973 salutiferi
637 1944 790 1973 mores
811 1925 1115 1981 decorantur,
1138 1924 1320 1971 utiliter
1343 1925 1597 1972 recensuit.

191 2006 444 2068 Postquam
466 2003 794 2050 exhortatione
815 2002 945 2049 finita
970 2001 1199 2066 populum
1218 1999 1488 2060 benedixit,
1509 2001 1602 2048 Do-

193 2082 420 2146 minoque
455 2082 553 2128 Deo
586 2082 673 2146 piis
701 2079 920 2144 precibus
951 2077 1322 2134 commendavit,
1348 2078 1530 2141 portari
1556 2095 1604 2125 se

195 2159 240 2204 in
268 2160 531 2206 oratorium
555 2158 677 2205 beati
703 2156 925 2222 Stephani
952 2155 1086 2213 fecit3
1120 2154 1278 2220 ibique
1303 2155 1350 2201 in
1376 2155 1533 2202 cinere
1557 2165 1604 2202 et

196 2237 351 2283 cilicio
384 2234 614 2283 recubans
648 2235 791 2281 finem
827 2251 962 2280 suum
997 2235 1282 2297 expectavit,
1315 2230 1605 2296 genibusque

239 2424 287 2468 (ι’)
314 2423 363 2456 Μ.
386 2422 544 2456 Maurice
563 2421 704 2456 Ardent
722 2432 846 2467 pense,
868 2420 1008 2467 &apri-s
1024 2431 1096 2454 une
1114 2417 1288 2453 tradition
1307 2416 1500 2461 consignee
1513 2414 1603 2450 dans

194 2482 255 2517 des
276 2482 490 2516 manuscrits
507 2481 555 2514 «111
582 2481 772 2515 ςιέηιίηειίιυ
790 2480 834 2513 (le
860 2481 1044 2526 Limoges,
1069 2478 1158 2526 qu'il
1184 2477 1288 2524 s'agit
1313 2476 1358 2510 ici
1385 2473 1482 2508 dela
1500 2480 1603 2520 porte

193 2540 439 2586 saint-Esprit
465 2538 681 2573 ‹rumluisant
705 2542 722 2572 a
750 2539 783 2572 la
811 2545 914 2573 route
938 2537 987 2571 du
1015 2535 1206 2584 Perigord.
1235 2535 1281 2568 Le
1306 2544 1389 2567 nom
1415 2531 1525 2578 qu'on
1551 2531 1603 2566 lui

195 2601 315 2634 donne
335 2600 378 2634 ici
399 2612 416 2632 a
437 2606 520 2633 tenu
541 2598 815 2645 probablement
835 2601 853 2632 Ξι
873 2611 911 2633 ce
934 2610 1005 2645 que
1029 2597 1148 2632 c'etait
1171 2607 1235 2641 par
1252 2599 1345 2628 cette
1362 2598 1467 2639 porte
1484 2603 1556 2639 que
1572 2591 1606 2626 la

196 2661 275 2696 ville
296 2661 451 2695 recevait
475 2659 523 2692 ‹lu
549 2659 721 2703 vorigord
742 2666 773 2693 et
794 2658 838 2693 de
859 2656 1127 2704 l‘Augoumois,
1151 2665 1234 2701 pays
1251 2652 1440 2694 calcanea,
1463 2663 1527 2687 son
1541 2663 1606 2698 ap·

194 2723 528 2767 prm-isionnement
549 2719 592 2755 de
614 2720 740 2754 chaux.
