1738 3043
568 237 720 275 LIBER
748 237 1026 276 SECUNDUS.
1426 238 1504 279 333

92 316 459 381 congregatione
499 332 673 380 magno
713 315 929 372 silentio,
966 316 1098 381 loqui
1137 317 1316 381 coepit,
1359 327 1407 366 et
1446 318 1503 366 de

91 395 412 451 continentia,
446 393 674 459 bonoque
707 394 958 459 conjugio,
987 393 1356 460 rationabilique
1380 412 1502 461 ope-

88 472 273 519 ratione
289 471 526 535 sapienter
541 488 593 517 ac
615 469 787 516 diserte
808 469 1045 517 disseruit.
1070 471 1357 519 Luculentcr
1373 473 1501 520 enim

87 548 430 596 demonstravit
467 548 598 613 quod
627 545 825 594 edacitas
863 549 1078 595 carnium
1116 549 1189 596 vel
1222 551 1502 599 commixtio

88 625 345 690 conjugalis
392 624 710 690 pollutionem
758 623 929 682 habet,
982 624 1060 673 sed
1107 626 1306 675 crimine
1356 638 1499 676 caret.

89 704 268 752 Sordes
314 707 491 770 quippe
531 720 785 769 corporum
824 720 856 749 a
901 703 1004 749 Deo
1042 721 1138 770 per
1179 704 1502 769 eleemosynas

87 794 130 829 et
163 800 312 848 opera
351 779 695 828 misericordia²
720 780 958 839 lavantur,
995 798 1092 827 non
1128 783 1355 841 crimina,
1392 801 1502 847 quoe

85 861 183 907 nisi
204 877 297 925 per
319 859 562 922 lacrymas
588 858 886 924 poenitentioe
917 876 1011 905 non
1042 858 1278 907 lavantur.
1314 859 1500 925 Siquis

86 938 192 1003 ipso
214 936 319 995 die,
338 946 601 1002 postquam
622 935 781 982 cibum
806 935 1053 981 carnalem
1067 938 1307 1002 percepit,
1340 937 1502 984 domi-

84 1016 185 1062 nici
216 1015 427 1080 corporis
463 1013 711 1079 spirituali
740 1013 845 1059 cibo
874 1012 1007 1079 refici
1026 1017 1412 1081 prcesumpserit,
1440 1035 1502 1064 ex

86 1104 280 1157 utroque
306 1109 412 1138 reus
441 1091 643 1155 efficitur
665 1092 881 1137 criminis
906 1102 950 1137 et
978 1091 1290 1139 inhonestatis
1315 1104 1359 1139 et
1372 1112 1502 1160 prce-

84 1172 396 1237 sumptionis;
424 1187 519 1216 non
552 1170 667 1234 quia
700 1170 1041 1228 manducavit,
1079 1170 1167 1217 sed
1192 1173 1309 1235 quia
1334 1184 1502 1219 contra

83 1248 299 1296 ordinem
326 1260 370 1294 et
387 1249 658 1312 justitiam,
687 1247 876 1312 Deique
902 1248 1144 1313 regulam,
1172 1250 1502 1298 Euclzaristiae

84 1327 258 1375 bonum
301 1328 560 1392 usurpavit.
608 1326 694 1372 Sic
730 1326 1041 1374 homicidium
1080 1340 1123 1374 et
1164 1329 1496 1388 mendacium,

83 1409 300 1471 quamvis
328 1406 424 1451 sint
446 1423 541 1471 per
566 1415 792 1450 naturam
820 1423 961 1450 suam
992 1406 1149 1463 mala,
1183 1406 1310 1453 bona
1343 1419 1500 1454 tamen

68 1484 188 1548 fieri
205 1483 432 1530 videntur
447 1500 513 1528 ex
533 1500 703 1528 causa.
727 1482 858 1528 Nam
878 1485 923 1529 si
939 1485 1046 1547 quis
1065 1486 1290 1531 mentitur
1305 1497 1354 1531 ut
1372 1487 1500 1533 inno-

83 1573 263 1610 centem
295 1559 584 1615 abscondat,
613 1570 657 1606 et
684 1559 746 1606 ab
773 1561 971 1607 inimico
986 1578 1082 1627 per
1107 1562 1369 1609 mendacia
1382 1581 1502 1630 pro-

83 1650 234 1704 tegat,·
252 1649 337 1686 aut
353 1640 398 1685 si
403 1637 572 1703 judex
594 1655 741 1683 unum
763 1637 1048 1684 sceleratum
1062 1638 1260 1703 judicio
1283 1641 1502 1687 condem-

82 1728 190 1776 nat,
230 1734 289 1764 ne
325 1717 407 1763 ille
443 1716 615 1763 multos
656 1717 928 1763 innocentes
965 1718 1232 1776 interimat,
1268 1719 1420 1766 bonus
1458 1732 1502 1767 et

84 1796 215 1842 utilis
243 1796 353 1842 inde
363 1796 566 1859 fructus
588 1795 879 1859 prorumpit.
908 1794 1057 1858 Quod
1085 1795 1269 1860 liquido
1297 1808 1503 1862 apparet

84 1874 134 1919 in
156 1873 395 1920 occisione
417 1871 575 1918 Golia‘
595 1883 638 1916 et
659 1871 867 1929 Sisarce,
890 1874 1056 1918 Anzan
1085 1884 1129 1919 et
1150 1873 1495 1939 Holoplzernis.

86 1950 172 1997 Sic
200 1951 513 1997 matrimonia
536 1948 651 1994 clam
678 1948 981 2013 copulantur,
1014 1949 1129 1996 boni
1151 1952 1309 2016 operis
1336 1950 1501 1998 hones-

85 2040 181 2076 tate
198 2030 431 2085 oriuntur,
458 2029 502 2074 si
522 2037 684 2073 sancte
704 2038 747 2073 et
755 2028 889 2092 juste
912 2028 1208 2094 copulentur.
1239 2031 1306 2075 Ac
1333 2031 1378 2076 si
1395 2049 1500 2077 ser-

85 2124 166 2153 vus
195 2107 321 2170 regis
354 2105 698 2170 desponsatam
721 2103 908 2150 domini
933 2106 1012 2151 sui
1037 2123 1270 2171 usurpare
1289 2107 1496 2167 audeat,

85 2202 178 2230 non
202 2184 358 2231 solum
391 2183 652 2246 offensam,
687 2182 775 2229 sed
801 2184 944 2229 etiam
975 2185 1153 2229 crimen
1185 2195 1283 2230 tam
1309 2186 1501 2250 grande

86 2265 341 2311 incurrisse
354 2263 672 2327 dignoscitur,
693 2272 742 2306 ut
754 2263 918 2308 merito
932 2263 1094 2309 vivens
1095 2262 1417 2327 flammarum
1435 2268 1501 2311 in-

87 2342 271 2389 cendiis
289 2341 526 2388 tradatur.
546 2339 657 2386 Hoc
672 2340 780 2386 ideo
780 2340 862 2405 fit,
881 2358 976 2387 non
991 2342 1108 2405 quia
1125 2358 1319 2388 uoeorem
1336 2342 1497 2401 duxit,

85 2419 174 2465 sed
195 2420 312 2484 quia
343 2417 531 2463 meliori
557 2433 608 2463 se
637 2417 867 2481 injuriam
881 2417 1026 2480 fecit.
1060 2417 1142 2463 His
1175 2417 1370 2483 aliisque
1395 2436 1501 2465 ma-

86 2495 268 2543 nifestis
301 2494 552 2559 exemplis,
595 2493 846 2539 Matthaeus
879 2494 1119 2558 apostolus
1154 2495 1365 2561 Hyrtaco
1399 2497 1500 2561 regi

86 2572 302 2619 dissuasit
325 2573 425 2620 Deo
454 2570 618 2618 dicatae
654 2571 843 2634 nuptias
876 2570 1179 2636 Ephigeniae,
1211 2590 1271 2619 ne
1296 2573 1500 2620 coelestis

91 2650 208 2695 iram
235 2651 356 2714 regis
385 2650 672 2703 incurreret,
701 2648 736 2693 si
760 2665 861 2694 eam
883 2665 968 2694 suo
992 2649 1301 2696 matrimonio
1326 2659 1500 2696 temere

91 2727 350 2791 copularet.
379 2729 613 2792 l‘lyrtacus
642 2726 785 2789 igitur
811 2726 873 2772 ira
908 2744 1126 2773 accensus
1150 2727 1360 2784 recessim
1389 2745 1499 2790 apo-
