1738 3043
225 226 275 264 34
582 221 824 260 HISTORIA
854 221 1253 260 ECCLESJASTICA.

225 315 279 350 ut
313 302 496 350 veniret
527 300 583 346 ad
605 301 780 347 Jaeum.
819 299 993 348 Videns
1023 316 1136 346 vero
1168 307 1364 346 ventum
1387 298 1624 357 validum,

227 380 386 427 timuit
397 398 410 434 ;
443 388 490 424 et
516 394 625 423 cum
654 377 874 441 coepisset
902 376 1076 441 mergi,
1109 375 1358 422 clamavit:
1385 376 1622 435 Domine,

223 458 404 504 salvum
431 473 505 501 me
510 452 626 518 fac
655 454 899 502 Continuo
928 454 1058 501 Jesus
1085 471 1279 499 manum
1305 453 1543 511 extendit,
1577 464 1628 501 et

224 553 271 581 se
317 535 364 580 in
413 531 624 597 periculo
666 532 964 579 invocantem
1006 531 1331 595 apprehendit.
1381 531 1597 580 Modicoe
1609 568 1625 589 ,

224 608 576 676 inquit,fidei‚
606 625 754 673 quare
777 608 1046 655 dubitasti?
1065 609 1139 671 (ι)

285 685 578 734 Ascendente
620 685 729 732 Jesu
785 685 832 730 in
857 684 1149 740 naviculam,
1196 685 1390 731 cessavit
1429 693 1597 732 ventus
1611 702 1626 741 ;

222 775 270 812 et
308 766 393 810 ista
428 763 638 809 videntes
670 761 986 808 adoraverunt
1031 771 1076 808 et
1112 760 1264 808 filium
1306 761 1390 808 Dei
1427 759 1627 808 confessi

222 852 334 889 sunt
370 843 464 906 (a).
511 839 634 888 Nota
673 840 803 905 quod
843 840 1046 886 Joannes
1085 837 1310 886 describit
1348 837 1631 885 miraculum

220 937 398 984 panum
425 935 574 982 prope
591 916 760 963 Pascha
782 916 962 962 factum
990 915 1130 962 fuisse
1149 934 1162 971 ;
1189 914 1430 962 Mattheus
1448 932 1562 962 vero
1585 926 1634 963 et

222 997 408 1043 Marcus
433 1004 810 1043 commemorant
830 993 919 1041 hoc
944 995 1104 1040 statim
1130 995 1286 1041 occiso
1314 995 1496 1041 Joanne
1527 993 1632 1040 fac—

223 1084 326 1119 tum
348 1090 461 1120 esse.
488 1072 625 1119 Unde
650 1072 891 1136 colligitur
906 1072 1136 1119 Joannem
1158 1073 1437 1119 imminente
1460 1070 1631 1118 Pascha

222 1148 537 1205 decollatum,
580 1163 801 1212 annoque
835 1149 1075 1212 sequenti,
1114 1165 1222 1194 cum
1262 1146 1431 1194 Pascha
1474 1146 1633 1194 denuo

223 1226 421 1285 rediret,
447 1226 729 1291 mysterium
759 1224 1012 1272 dominicae
1043 1226 1269 1290 passionis
1297 1243 1392 1273 esse
1424 1225 1635 1289 comple-

223 1314 342 1349 tum.
376 1305 506 1351 Jesus
531 1321 638 1349 cum
666 1302 905 1366 discipulis
935 1303 1027 1349 suis
1060 1303 1108 1348 in
1144 1312 1319 1350 terram
1347 1300 1632 1350 Genoeareth

225 1382 356 1428 venit
372 1416 384 1437 ,
406 1391 454 1427 et
472 1378 530 1426 ab
550 1379 716 1427 incolis
732 1389 974 1443 gratanter
991 1389 1231 1442 susceptus
1245 1414 1258 1435 ‚
1280 1377 1528 1443 languidos
1550 1395 1635 1426 eo-

226 1474 334 1503 rum
362 1458 560 1502 curavit.
587 1455 767 1518 Nempe
792 1454 1044 1502 Salvatoris
1067 1455 1362 1519 benignitate
1388 1454 1562 1510 illecti,
1583 1454 1632 1500 in

229 1535 494 1581 universam
537 1533 780 1597 regionem
822 1532 1055 1579 miserunt
1073 1568 1087 1590 ‚
1129 1534 1265 1597 eique
1307 1549 1473 1579 omnes
1513 1531 1635 1578 male

228 1610 450 1658 habentes
479 1609 761 1658 obtulerunt
771 1629 784 1666 ;
821 1627 1051 1674 eumque,
1078 1619 1132 1656 ut
1157 1610 1230 1657 vel
1263 1608 1501 1656 fimbriam
1528 1625 1635 1656 ves-

228 1687 413 1733 timenti
440 1689 537 1750 ejus
561 1695 836 1750 tangerent,
863 1696 1167 1751 rogaverunt.
1197 1686 1498 1750 Quicumque
1520 1701 1634 1749 ergo

231 1764 514 1827 tetigerunt,
541 1763 651 1808 salvi
677 1761 787 1809 facti
815 1773 925 1809 sunt
943 1763 1031 1826 (3).

295 1837 365 1884 lbi
391 1849 556 1886 contra
579 1837 752 1885 scribas
777 1848 824 1885 et
846 1837 1118 1902 pharisae05‚
1145 1839 1226 1902 qui
1249 1838 1306 1885 de
1328 1836 1635 1902 Jerosolymis

232 1926 534 1971 accesserant,
555 1915 690 1978 plura
713 1915 938 1979 protulit,
960 1925 1006 1962 et
1028 1915 1370 1978 superstitiosas
1393 1913 1633 1962 seniorum

235 1990 510 2037 traditiones
533 1990 772 2055 redarguit
792 1992 886 2054 (4).

300 2066 476 2114 Turbae
501 2068 550 2113 in
576 2069 812 2115 naviculas
834 2069 1172 2126 ascenderunt,
1207 2079 1254 2116 et
1281 2067 1634 2132 Capharnaum,

237 2155 501 2210 quaerentes
545 2146 704 2191 Jesum
726 2181 739 2201 ‚
789 2156 1039 2192 venerunt.
1085 2145 1268 2205 Quibus
1313 2146 1409 2209 ipse
1453 2144 1574 2191 dixit
1620 2165 1631 2189 ε

239 2224 427 2278 Amen,
463 2238 601 2267 amen
630 2222 742 2268 dtco
781 2222 918 2268 vobis
955 2241 966 2267 .-
1007 2223 1221 2286 quaeritis
1250 2240 1345 2279 me,
1386 2239 1483 2269 non
1519 2222 1637 2286 quia

239 2298 428 2343 vidistis
479 2299 621 2359 signa
639 2335 656 2356 ,
706 2297 793 2343 sed
840 2299 956 2362 quia
1007 2299 1338 2346 manducastis
1382 2317 1444 2346 ex
1482 2301 1637 2366 pani-

239 2375 321 2420 bus
373 2385 416 2420 et
462 2375 666 2420 saturati
706 2375 834 2421 estis.
882 2375 1165 2441 Operamini
1212 2394 1309 2423 non
1350 2376 1510 2423 cibum
1555 2377 1638 2440 qui

281 2583 330 2626 (ι),
360 2580 487 2615 Matth.
524 2592 602 2624 xiv,
641 2580 771 2624 22-51;
802 2583 913 2618 Marc.
945 2595 998 2626 vi,
1036 2583 1167 2625 45-50;
1196 2584 1323 2618 Joann.
1353 2595 1408 2627 vn,
1446 2585 1563 2625 14-20.
1591 2603 1634 2608 —

234 2642 283 2681 (κ’.)
304 2640 434 2674 matth.
457 2652 530 2681 xiv,
553 2638 615 2683 52,
636 2639 698 2682 53,
719 2642 827 2676 Marc.
846 2654 897 2685 vi,
917 2641 974 2685 51,
993 2641 1056 2685 523
1076 2643 1274 2686 Joann.v1‚
1300 2655 1356 2677 21.
1374 2662 1419 2668 —
1435 2640 1487 2686 (5)
1502 2641 1631 2676 Matth-

236 2711 299 2740 xxv,
317 2697 444 2739 5455..
467 2699 575 2733 Marc.
596 2711 645 2740 vi,
668 2698 787 2735 55-56.
808 2721 852 2727 —
870 2702 918 2744 (4)
939 2701 1067 2736 Matth.
1089 2713 1144 2744 κν,
1170 2714 1246 2748 ι-9;
1269 2701 1376 2736 Marc.
1395 2712 1460 2742 vn,
1488 2697 1584 2734 1-13.
