1738 3043
198 248 274 285 :388
565 243 808 282 HISTORIA
840 243 1238 282 ECCLESIASTICA.

264 323 505 371 Exaristus
524 322 739 379 Judaeus,
766 323 823 369 de
845 322 1109 383 Bethleem,
1136 341 1191 370 ex
1216 333 1347 387 patre
1368 324 1483 371 Juda
1498 360 1511 382 ‚
1534 344 1607 373 se·-

197 401 268 447 dit
291 401 426 446 annis
450 415 496 445 ix
521 398 762 445 mensibus
790 415 816 444 x
842 397 1006 446 diebus
1035 415 1094 454 ιι,
1123 397 1416 463 temporibus
1439 400 1606 448 Domi-

200 478 311 524 tiani
329 512 342 533 ,
370 474 538 522 Nervae
564 486 610 522 et
633 475 840 538 Trajani.
868 479 978 521 Post
1001 475 1284 540 martyrium
1303 477 1398 539 ejus
1417 478 1606 523 cessavit

196 556 491 619 episcopatus
514 551 677 600 diebus
709 569 846 598 xviii.
875 553 962 598 llic
999 569 1062 599 v11
1096 552 1314 600 diacones
1344 552 1604 611 ordinavit,

196 633 278 696 qui
317 630 612 678 custodirent
650 630 923 694 episcopum
957 630 1297 694 praedicantem
1327 649 1412 695 per
1445 631 1607 679 stilum

195 709 430 765 veritatis,
454 708 589 771 eique
607 707 737 754 velut
760 707 885 753 oculi
913 718 1066 754 essent
1091 708 1136 753 in
1162 706 1385 754 omnibus
1409 708 1540 756 locis.
1564 709 1606 754 Is

195 789 337 834 etiam
361 787 612 834 constituit
643 796 696 831 ut
722 786 795 831 wir
819 802 1042 842 uxorem,
1076 786 1149 833 vel
1183 785 1355 832 mulier
1383 787 1607 833 maritum

198 883 295 912 non
321 865 554 919 dimittat,
582 879 669 909 nec
693 862 882 909 ecclesia
903 863 1125 926 episcopo
1148 880 1233 909 suo
1258 863 1444 911 vivente
1463 863 1607 910 alium

193 943 392 1006 accipiat
416 942 508 1005 (ι).

259 1018 524 1066 Alexander
558 1018 822 1074 Romanu5‚
853 1017 910 1063 de
935 1017 1128 1083 regione
1164 1017 1325 1083 Caput
1350 1018 1524 1073 Tauri,
1550 1034 1607 1064 ex

194 1110 327 1163 patre
351 1096 649 1155 Alexandro,
676 1097 813 1142 annis
833 1112 863 1141 x
885 1094 1125 1142 mensibus
1145 1112 1212 1142 v11
1232 1093 1397 1142 diebus
1423 1111 1492 1141 xl.
1519 1095 1607 1141 Hic

195 1176 476 1240 aspersionis
504 1191 673 1239 aquam
706 1191 815 1220 cum
844 1173 935 1220 sale
967 1173 1018 1220 in
1049 1172 1325 1220 habitaculis
1358 1171 1608 1220 hominum

196 1253 463 1310 benedixit,
491 1263 538 1299 et
563 1251 828 1317 passionem
853 1251 1048 1300 Domini
1083 1252 1130 1298 in
1165 1252 1436 1316 precatione
1459 1268 1607 1298 saeer-

194 1333 386 1390 dotum,
419 1332 535 1378 dum
565 1331 717 1378 missae
751 1330 1070 1388 celebrantur,
1104 1330 1311 1377 miscuit.
1345 1330 1493 1377 Multa
1523 1346 1608 1394 per

193 1430 303 1460 eum
327 1411 560 1458 Dominus
591 1409 817 1455 miracula
854 1409 990 1466 fecit,
1026 1418 1073 1455 et
1101 1407 1264 1455 multis
1292 1407 1488 1455 salutem
1511 1407 1608 1454 ani-

194 1487 360 1534 mabus
375 1487 522 1534 dedit.
545 1485 757 1532 Tandem
777 1486 847 1531 via
867 1486 1164 1533 Nomentana
1178 1521 1191 1542 ,
1220 1492 1272 1531 v⁰
1296 1501 1445 1532 nonas
1468 1485 1603 1541 maii,

194 1564 452 1612 decollatus
470 1573 563 1618 est,
586 1573 633 1609 et
652 1563 844 1609 cessavit
861 1563 1156 1626 episcopatus
1173 1560 1337 1608 diebus
1358 1577 1488 1608 xxxv
1511 1553 1535 1624 <
1538 1562 1602 1622 2).

260 1642 419 1688 Sixtus
437 1641 695 1697 Romanus,
713 1657 767 1686 cx
780 1650 912 1703 patre
929 1640 1137 1696 Pastore,
1159 1637 1215 1685 de
1234 1637 1319 1686 Via
1338 1639 1468 1695 Lata,
1488 1637 1607 1684 sedit

193 1720 329 1766 annis
355 1736 385 1764 x
410 1717 649 1765 mensibus
682 1734 714 1762 11
737 1716 812 1764 die
837 1733 953 1764 uno.
980 1717 1068 1762 Hie
1088 1716 1295 1763 decrevit
1320 1726 1375 1762 ut
1400 1715 1607 1763 ministe-

193 1797 262 1843 ria
290 1805 466 1842 sacrata
496 1812 595 1842 non
629 1803 884 1859 tangantur
907 1793 997 1840 nisi
1023 1811 1047 1839 a
1077 1792 1322 1840 ministris.
1354 1791 1607 1858 Presbyter

239 1970 288 2012 (ι)
314 1966 465 2011 (mo-26
489 1979 536 2001 on
557 1978 599 2014 27
618 1966 766 2001 octobre
789 1968 881 2013 109.)
901 1966 1016 2001 Notre
1040 1973 1170 2001 auteur
1192 1972 1350 2011 eommet
1375 1978 1427 2001 un
1454 1965 1607 2001 facheux

194 2027 473 2062 anachronisme
497 2039 543 2061 en
566 2026 708 2073 placant
727 2037 799 2060 une
823 2026 971 2072 portion
995 2024 1045 2059 du
1066 2026 1256 2072 pontificat
1272 2025 1317 2059 de
1335 2025 1430 2060 saint
1447 2016 1606 2061 Evariste

194 2099 276 2121 sous
294 2086 344 2121 les
361 2088 490 2133 regnes
508 2086 554 2120 <le
572 2086 758 2120 Doniitien
776 2092 813 2120 et
831 2084 876 2119 de
895 2085 1029 2127 Nerva,
1051 2084 1170 2119 tandis
1188 2097 1260 2132 que
1274 2084 1308 2120 le
1325 2083 1474 2119 dernier
1487 2083 1533 2120 de
1549 2096 1606 2119 ces

192 2158 405 2194 emper-curs
418 2147 507 2181 etait
521 2152 617 2180 mort
630 2145 692 2179 des
706 2144 739 2179 le
758 2145 849 2179 mois
863 2144 1060 2190 dejanvier
1076 2145 1132 2192 98.
1153 2145 1252 2180 Tout
1274 2144 1307 2180 le
1323 2151 1415 2180 reste
1433 2143 1484 2179 du
1500 2157 1604 2192 para-

196 2207 334 2254 graphe
348 2207 439 2242 n'est
451 2218 513 2252 pas
531 2205 612 2252 plus
627 2205 880 2252 authentique.
902 2206 967 2239 Les
978 2205 1175 2240 historiens
1192 2204 1478 2251 ecclesiastiques
1489 2202 1604 2250 expli-

197 2272 312 2312 quent
330 2277 387 2299 ces
405 2271 499 2299 mots
521 2280 526 2297 z
546 2269 696 2311 propter
708 2263 832 2297 stilum
850 2265 1034 2305 veritatis,
1052 2275 1118 2310 par
1135 2263 1168 2297 la
1185 2263 1403 2310 paraphrase
1420 2262 1580 2297 suivante
1595 2278 1602 2296 :

196 2325 305 2369 quasi
320 2335 421 2356 verse
439 2321 616 2355 doctrinm
635 2326 759 2364 testes,
783 2333 827 2354 ne
845 2321 892 2354 ab
911 2321 1052 2355 oemulis
1070 2323 1237 2367 episcopo
1255 2319 1476 2366 praedicanti
1489 2321 1605 2365 impo-

197 2387 373 2416 nerentur
391 2392 548 2422 errores,
567 2381 631 2426 qui
648 2382 682 2413 ei
696 2379 976 2422 ascriberentur,
994 2393 1085 2426 quos
1105 2386 1225 2415 tamen
1242 2392 1316 2415 non
1333 2380 1579 2414 commisisset.

244 2441 294 2485 (2)
318 2438 496 2484 (Octobre
519 2437 627 2485 ¹095
645 2438 715 2472 mai
740 2452 748 2472 ι
763 2439 830 2485 19.)
846 2438 874 2473 ll
888 2446 941 2473 est
952 2440 1023 2474 sort
1037 2439 1197 2475 doutcux
1210 2452 1282 2487 que
1294 2439 1386 2474 saint
1402 2437 1604 2473 Alexandro

198 2501 249 2535 ait
267 2499 422 2534 termine
441 2510 475 2532 sa
497 2498 550 2533 vie
574 2510 639 2544 par
657 2498 688 2533 le
708 2505 885 2545 martyre,
904 2506 939 2533 et
958 2498 1029 2533 l'on
1051 2512 1094 2534 ne
1113 2498 1258 2534 connait
1274 2498 1352 2533 rien
1366 2497 1411 2531 de
1429 2497 1566 2532 certain
1583 2500 1602 2532 a

200 2559 249 2593 lni
265 2558 456 2593 attribuer.
471 2558 515 2591 La
529 2558 654 2603 region
671 2558 789 2603 Caput
810 2558 927 2594 Tauri
944 2558 1058 2605 pau-ait
1075 2559 1175 2593 avoir
1187 2557 1322 2604 occupe
1339 2556 1372 2591 le
1383 2563 1486 2591 mont
1501 2557 1601 2592 Pala-

199 2619 251 2653 tin
268 2625 303 2653 et
315 2629 369 2653 ses
385 2617 571 2658 environs,
589 2629 633 2651 en
649 2629 684 2651 se
699 2617 939 2664 prolongeant
951 2630 1029 2653 vers
1041 2618 1073 2654 le
1088 2616 1376 2664 midijusqu’aux
1389 2627 1487 2650 murs
1504 2615 1550 2651 de
1566 2616 1599 2650 la

196 2677 297 2720 xille,
319 2677 364 2712 de
382 2677 541 2711 manif-ru
560 2679 577 2709 ii
601 2676 839 2723 compi-endre
862 2677 893 2712 la
913 2677 1068 2713 dixieine
1092 2683 1128 2711 et
1149 2675 1333 2722 peut-etro
1358 2674 1389 2709 la
1412 2674 1600 2712 douzieme

196 2738 320 2781 region
339 2735 383 2770 de
402 2734 432 2769 la
453 2735 606 2769 division
625 2735 836 2781 ‹l’Auguste
