1738 3043
159 272 209 311 54
525 272 769 310 HISTORIA
801 272 1203 312 ECCLESlAS'l'lCA.

158 351 461 418 linquendos.
488 353 614 398 Lecti
642 353 835 400 nomine
860 352 1092 417 figuratur
1108 354 1241 418 quies
1259 352 1482 402 ecclesiae.
1505 355 1573 402 De

155 430 343 479 duobus
364 431 596 495 loquitur,
622 432 752 495 quasi
778 429 834 477 de
858 430 1045 477 duobus
1065 429 1365 489 hominibus3
1390 431 1469 479 sed
1496 433 1572 479 in-

158 508 465 574 telligendum
486 518 556 554 est
571 509 627 555 de
645 508 832 555 duobus
855 508 1160 554 affectionum
1181 507 1450 573 generibus.
1477 509 1569 570 Qui

157 587 283 633 enim
301 603 390 650 pro
405 588 504 633 Deo
518 587 832 633 continentiae
849 585 1023 642 studet,
1040 595 1094 631 ut
1107 587 1207 634 sine
1224 586 1318 633 ulla
1333 587 1571 635 sollicitu-

155 664 265 711 dine
291 665 453 711 vivens
477 681 527 710 ea
552 681 662 729 quwv
680 664 872 711 Domini
894 675 1005 709 sunt
1030 664 1233 729 cogitet,
1260 676 1524 712 assumetur
1546 683 1571 711 a

155 744 252 789 Deo
275 742 331 788 ad
355 753 579 789 aeternam
603 741 963 788 beatitudinem.
992 741 1084 802 Qui
1106 758 1220 789 vero
1240 741 1460 789 humanae
1479 742 1573 789 lau-

152 820 223 866 dis
252 837 438 875 amore,
463 820 534 866 vel
561 819 647 865 alia
674 819 885 884 qualibet
909 820 1139 866 vitiorum
1162 821 1477 885 corruptione
1494 837 1571 867 ca-

153 915 261 944 rens
278 907 453 943 statum
469 898 746 944 monasticae.
763 898 872 944 vitae
887 933 899 954 ,
918 916 1010 963 qua
1029 898 1239 944 imbutus
1258 909 1349 956 est,
1371 898 1568 956 laeserit,

152 987 343 1021 aeternae
369 976 570 1021 miseriae
594 974 935 1039 relinquendus
959 985 1053 1033 est,
1074 987 1128 1021 ut
1154 976 1203 1022 in
1229 975 1571 1024 lamentatione

147 1053 364 1099 Jeremiae
384 1054 670 1108 insinuatur,
690 1052 772 1117 qui
789 1053 954 1121 otiosae
970 1053 1220 1117 cujuslibet
1235 1065 1282 1101 et
1296 1054 1572 1118 peccatricis

152 1129 320 1174 animae
337 1127 425 1174 sub
441 1127 617 1174 Judaeae
636 1130 788 1192 specie
803 1129 982 1193 lapsum
997 1129 1291 1188 describens,
1311 1130 1400 1176 ait:
1425 1129 1571 1177 Vide-

151 1218 260 1251 runt
279 1223 386 1252 eam
410 1205 565 1252 hosles
581 1244 592 1261 ‚
626 1217 669 1251 et
694 1206 960 1253 deriserunt
981 1207 1188 1254 sabbata
1208 1209 1314 1273 ejus
1334 1208 1424 1272 (1).
1451 1207 1570 1255 Duae

150 1283 382 1330 molentes
410 1294 608 1348 propter
633 1283 970 1347 temporalium
998 1284 1306 1349 negotiorum
1331 1283 1500 1331 orbem
1524 1295 1571 1332 et

151 1361 405 1406 circuitum
423 1360 691 1425 significant
706 1360 867 1425 plebes
880 1397 892 1419 ,
914 1379 1021 1426 quae
1042 1363 1164 1408 sicut
1181 1361 1374 1409 feminae
1390 1380 1415 1409 a
1432 1362 1567 1420 viris,

151 1439 216 1484 sic
248 1437 425 1485 debent
450 1440 548 1503 regi
581 1456 604 1484 a
630 1438 939 1495 doctoribus;
975 1451 1021 1487 et
1057 1441 1106 1486 in
1136 1442 1278 1487 variis
1300 1439 1572 1490 laborantes

152 1515 356 1571 artibus,
379 1517 584 1563 ecclesiae
609 1517 884 1563 deserviunt
907 1517 1086 1564 usibus.
1108 1518 1214 1565 Una
1235 1536 1342 1583 pars
1366 1536 1571 1567 assume-

152 1604 249 1651 tur,
277 1611 384 1658 quae
416 1594 653 1640 connubia
689 1606 888 1659 propter
918 1611 1129 1641 amorem
1164 1606 1350 1642 tantum
1385 1596 1570 1661 generis

151 1682 338 1717 exercet
356 1707 367 1726 ‚
392 1681 725 1736 terrenamque
751 1671 1063 1718 substantiam
1085 1672 1150 1721 ob
1172 1672 1457 1739 acquirenda
1477 1691 1571 1722 coe-

151 1749 277 1795 lestia
302 1748 555 1813 dispensat.
585 1749 901 1815 Relinquetur
917 1761 1099 1807 autem,
1125 1769 1232 1815 quae
1252 1753 1486 1817 conjugiis
1503 1751 1570 1801 ob

153 1825 393 1872 illecebras
424 1827 577 1872 carnis
607 1827 821 1873 servierit
832 1845 844 1883 ;
874 1837 1059 1873 terrena
1089 1845 1202 1876 vero
1228 1829 1264 1874 si
1296 1845 1387 1893 qua
1416 1828 1571 1876 eccle-

151 1905 254 1960 siae,
280 1905 352 1950 vel
383 1903 670 1969 pauperibus
698 1904 957 1962 obtulerit,
993 1905 1098 1954 ideo
1128 1906 1319 1964 fecerit,
1354 1917 1410 1953 ut
1438 1908 1570 1972 quasi

151 1980 397 2045 redempto
422 1982 630 2028 Domino
659 1981 728 2027 his
751 1981 952 2046 amplius
977 1981 1204 2030 abundet.
1242 1983 1348 2032 Duo
1381 1984 1432 2030 in
1455 2002 1568 2049 agro

151 2057 400 2121 designant
424 2068 674 2122 operantes
699 2059 747 2104 in
774 2058 981 2105 ecclesiae
1011 2060 1298 2116 ministerio,
1328 2070 1568 2126 tamquam

153 2136 200 2181 in
225 2153 337 2200 agro
361 2138 464 2183 Dei.
485 2135 781 2193 Assumetur,
810 2137 890 2201 qui
913 2137 1094 2183 sincere
1112 2136 1314 2184 verbum
1333 2138 1417 2184 Dei
1439 2155 1569 2202 prae-

151 2212 401 2270 dicaverit3
440 2215 757 2278 relinquetur,
789 2214 870 2277 qui
907 2212 1150 2259 Christum
1178 2231 1279 2262 non
1309 2223 1455 2272 caste,
1489 2214 1569 2262 sed

150 2308 205 2335 ex
229 2291 475 2337 occasione
499 2290 854 2335 annuntiaverit
874 2290 967 2353 (2).

216 2366 297 2410 His
318 2364 470 2411 tribus
486 2364 735 2411 hominum
754 2364 1006 2429 generibus
1025 2376 1211 2414 constat
1226 2367 1440 2426 ecclesia,
1457 2385 1567 2434 quae

150 2443 283 2488 binas
314 2441 490 2489 habent
520 2442 808 2489 differentias
843 2465 852 2489 :
885 2455 1083 2508 propter
1116 2445 1488 2510 assumptionem
1517 2455 1566 2493 et

151 2520 467 2567 relictionem.
490 2521 627 2568 Unde
648 2532 741 2567 tres
767 2522 892 2569 viros
911 2521 1123 2570 Ezechiel
1147 2522 1377 2587 propheta
1398 2521 1565 2570 libera-

202 2770 600 2811 21,.1‹=¹·en1.Lamenl.,
627 2782 649 2802 ι.
676 2782 707 2814 7.
725 2790 767 2795 —
789 2771 836 2807 (¹1.)
860 2770 941 2804 Luc,
972 2781 1058 2804 ww.
1081 2768 1199 2818 ’λθ-57,
