1738 3043
229 236 307 273 320
596 232 840 272 HISTORIA
869 231 1274 273 ECCLESIASTICA.

229 325 340 360 ante
365 313 522 360 locum
540 312 796 377 sepultura?
822 312 980 371 illius,
1005 315 1357 379 perpetualiter
1378 315 1460 363 die
1481 327 1648 365 noctu-

230 410 322 456 que
351 391 520 437 divino
551 402 669 437 nutu
699 391 990 457 resplendet,
1026 411 1057 439 a
1088 393 1224 440 nullo
1240 395 1520 458 fomentum
1552 396 1652 444 olei

230 469 473 534 scirpique
501 468 750 534 accipiens
764 490 785 524 ,·
809 486 960 533 neque
982 480 1125 516 vento
1149 471 1472 535 eoetinguitur,
1502 489 1653 538 neque

233 563 351 592 casu
375 544 627 602 dilabitur,
647 562 800 609 neque
816 545 1035 593 ardendo
1053 548 1302 594 minuitur.
1324 549 1489 595 Habet
1506 551 1656 596 incre-

233 635 439 670 mentum
465 640 559 689 per
581 623 795 689 apostoli
817 625 1064 682 virtutem,
1095 624 1229 689 quod
1260 627 1472 673 nescitur
1489 626 1553 674 ab
1578 626 1658 674 ho-

235 704 384 758 mine‚·
417 703 661 767 cognitum
685 712 870 748 tantum
897 701 1100 748 habetur
1120 702 1298 750 divinae
1319 705 1571 769 potentiae.
1596 705 1658 751 In

235 781 429 827 Edessa
455 779 591 837 urbe,
620 781 670 826 in
688 798 784 845 qua
802 779 965 826 beatos
989 791 1123 829 artus
1143 781 1402 829 tumulatos
1420 781 1656 840 discimus,

237 858 517 905 adveniente
546 856 879 903 translationis
904 857 1010 921 ejus
1021 855 1318 920 festivitate,
1346 877 1553 924 magnus
1574 869 1663 925 'ag-

236 947 467 1001 gregatur
477 935 772 1001 populorum
799 946 973 992 coetus,
1002 953 1063 982 ac
1083 935 1145 982 de
1166 936 1364 985 diversis
1388 938 1663 1003 regionibus

240 1033 346 1061 cum
372 1015 496 1060 votis
527 1024 571 1058 et
600 1014 808 1077 negotiis
838 1013 1164 1072 venientibus,
1200 1014 1450 1061 vendendi
1471 1033 1664 1082 compa-

240 1090 476 1155 randique
512 1107 601 1154 per
634 1106 736 1136 xxx
777 1089 879 1136 dies
913 1090 1018 1136 sine
1055 1090 1159 1137 ulla
1199 1090 1374 1138 telonei
1410 1093 1666 1139 eoeactione

241 1170 439 1216 licentia
456 1168 618 1215 datur.
638 1169 698 1214 In
717 1167 791 1215 liis
812 1185 922 1215 vero
939 1167 1132 1228 diebus,
1154 1171 1236 1233 qui
1253 1170 1304 1216 in
1325 1187 1486 1217 mense
1501 1171 1665 1236 quinto

240 1248 498 1304 habentur,
524 1265 709 1312 magna
732 1258 776 1293 et
803 1248 1038 1294 inusitata
1055 1247 1260 1314 populis
1291 1247 1523 1314 beneficia
1537 1266 1667 1315 prce·

244 1327 424 1374 bentur.
454 1326 566 1373 Non
597 1324 891 1373 scandalum
921 1326 1076 1390 surgit
1107 1327 1157 1372 in
1177 1324 1348 1392 plebe,
1375 1343 1473 1373 non
1500 1344 1669 1374 musca

244 1405 419 1452 incidit
454 1404 757 1470 mortificatae
793 1405 961 1462 carni,
1002 1421 1099 1450 non
1139 1404 1273 1451 latez*
1307 1404 1438 1452 deest
1472 1405 1665 1452 sitienti.

243 1483 376 1530 Nam
409 1500 517 1529 cum
549 1481 620 1527 ibi
649 1480 846 1545 reliquis
875 1480 1044 1527 diebus
1061 1480 1180 1546 plus
1211 1498 1356 1545 quam
1382 1492 1571 1528 centum
1588 1498 1670 1547 pe·

245 1559 362 1605 dum
380 1557 686 1604 altitudinem
709 1574 841 1620 aqua
862 1556 1119 1602 hauriatur
1143 1575 1175 1602 a
1195 1558 1382 1621 puteis,
1405 1574 1534 1603 nunc
1546 1574 1669 1623 pau·

247 1636 398 1682 lulum
427 1635 474 1681 si
503 1634 736 1698 effodias,
769 1635 961 1698 affatim
994 1634 1216 1699 lymphas
1255 1633 1570 1681 exuberantes
1602 1638 1669 1681 in-

249 1713 418 1759 venies.
470 1710 620 1774 Quod
655 1728 752 1756 non
792 1710 1055 1774 ambigitur
1098 1709 1203 1756 lzaec
1249 1711 1422 1756 virtute
1461 1711 1674 1776 apostoli

248 1790 496 1855 impertiri.
529 1788 759 1834 Decursis
794 1789 944 1851 igitur
972 1787 1289 1833 solemnitatis
1315 1787 1513 1845 diebus,
1548 1788 1672 1836 telo-

248 1883 389 1912 neum
421 1863 625 1931 publico
665 1862 906 1920 redditur,
952 1881 1122 1910 musca
1161 1881 1274 1925 quoe
1311 1861 1465 1928 defuit
1503 1863 1667 1924 adest,

242 1944 589 2010 propinquitas
614 1959 757 2005 aquce
779 1941 1000 1988 dehiscit.
1028 1941 1217 1988 Dehinc
1242 1943 1419 1989 emissa
1444 1942 1671 1990 divinitus

242 2021 416 2088 pluvia
440 2024 508 2066 ita
532 2037 672 2067 omne
699 2020 876 2065 atrium
902 2019 1069 2086 templi
1098 2036 1130 2064 a
1159 2018 1383 2066 sordibus
1406 2031 1450 2066 et
1473 2019 1673 2068 diversis

250 2096 583 2162 squaloribus,
612 2098 697 2160 qui
718 2113 813 2161 per
837 2097 947 2161 ipsa
976 2095 1212 2142 solemnia
1225 2093 1360 2155 facti
1383 2107 1518 2153 sunt,
1545 2115 1673 2144 mun-

251 2176 360 2232 dat,
387 2185 436 2220 ut
453 2184 652 2239 putares
673 2171 798 2218 illud
817 2189 905 2218 nec
909 2170 1077 2236 fuisse
1096 2171 1340 2219 calcatum
1361 2172 1452 2237 (1).

317 2254 438 2300 Vere
457 2253 582 2298 Deus
606 2261 768 2298 noster
787 2251 1094 2314 omnipotens
1109 2286 1120 2306 ‚
1139 2251 1293 2313 justus
1313 2260 1359 2297 et
1375 2250 1481 2315 pius
1496 2249 1667 2314 judex,

252 2341 392 2395 atque
422 2329 638 2377 redditor
674 2317 887 2392 pat-iens,
925 2339 1109 2374 sanctos
1142 2345 1250 2374 suos
1281 2328 1402 2375 mire
1435 2326 1670 2394 glorificat

253 2419 300 2455 et
324 2406 625 2454 ineffabiliter
650 2405 834 2453 honore
858 2407 1056 2470 perenni
1078 2416 1304 2464 coronat3
1331 2423 1477 2471 genus
1500 2404 1670 2451 huma-

300 2616 350 2659 (ι)
374 2613 490 2660 Greg.
513 2614 604 2648 Tur.
630 2614 676 2648 de
698 2614 797 2648 Glor.
817 2622 973 2662 martyr.
996 2627 1024 2659 1,
1047 2614 1104 2651 32.
1128 2615 1179 2651 Ce
1202 2626 1349 2662 passage
1372 2621 1426 2650 est
1446 2620 1671 2650 exactement

255 2675 448 2716 transcrit,
476 2675 558 2709 saus
580 2674 611 2708 la
637 2674 897 2717 substitution,
924 2675 1200 2722 probablemcnt
1232 2673 1488 2718 accidentelle‚
1517 2674 1567 2709 du
1594 2681 1672 2709 mot

255 2733 413 2767 lichinus
429 2732 596 2777 (smitclne)
616 2735 633 2767 a
654 2732 812 2778 (selenus
830 2732 1001 2779 (lampc).
