1738 3043
185 192 264 232 400
551 190 791 228 HISTORIA
823 189 1223 229 ECCLESIASTICA.

185 267 328 336 guine
372 268 563 315 illortun
602 269 736 315 fieret
777 267 1022 325 balneum,
1068 279 1116 315 et
1156 270 1203 315 in
1247 269 1346 333 ipso
1387 269 1589 318 fumanti

188 365 356 397 cruore
402 347 630 393 intinctus
673 347 947 410 impetraret
991 345 1079 393 sibi
1124 347 1266 411 leprae
1312 347 1587 394 remedium.

189 429 401 490 Cumque
434 424 773 472 Constantinus
807 442 829 470 a
866 424 1039 488 palatio
1074 425 1374 489 egrederetur
1406 425 1462 472 ad
1489 424 1594 471 bal-

188 521 355 562 neum,
377 512 422 550 et
445 502 632 549 vidisset
651 501 1009 548 multitudinem
1032 503 1287 550 mulierum
1309 503 1595 551 amarissime

191 581 407 628 {lentium
449 596 537 643 pro
577 578 908 626 interfectione
947 581 1203 644 pignorum
1220 616 1233 638 ‚
1281 581 1398 627 tanti
1442 580 1597 627 luctus

191 659 485 707 occasionem
511 657 779 722 inquisivit,
808 656 1085 722 facinusque
1117 668 1171 704 ut
1203 660 1453 723 cognovit,
1479 675 1599 723 pro-

193 738 319 784 tinus
359 734 624 783 exhorruit.
670 735 829 798 Longa
871 734 1011 781 etiam
1049 746 1096 781 et
1135 734 1296 781 subtili
1341 735 1599 782 conciona-

193 815 324 861 tione
348 814 419 876 (1)
442 811 734 857 barbaricam
758 811 1087 858 crudelitatem
1109 812 1371 870 damnavit,
1396 812 1602 876 imperii-

192 908 283 957 que
309 890 492 937 romani
529 890 755 952 pietatem
786 888 972 935 extulit.
1009 889 1152 936 Filios
1187 890 1342 954 itaque
1370 888 1602 936 matribus

194 967 454 1015 incolumes
490 965 621 1012 reddi
663 965 915 1028 praecepit‚
944 975 990 1012 et
1021 965 1304 1028 amplissima
1337 967 1460 1013 dona
1493 982 1602 1012 cum

193 1042 420 1091 vehiculis
444 1051 491 1088 et
512 1041 715 1088 annonis
739 1040 940 1098 addidit,
964 1052 1011 1088 et
1028 1042 1093 1088 sic
1116 1059 1190 1090 eas
1214 1042 1387 1090 alacres
1410 1042 1467 1089 ad
1491 1058 1603 1107 pro·

194 1122 296 1187 pria
321 1121 519 1168 remisit.

260 1199 484 1264 Sequenti
510 1208 651 1246 nocte
684 1199 732 1245 in
757 1199 936 1246 visione
960 1198 1120 1247 beatos
1144 1200 1381 1264 apostolos
1411 1201 1604 1247 Petrum

195 1290 243 1328 et
268 1277 466 1325 Paulum
490 1277 632 1333 vidit,
659 1286 707 1324 et
729 1275 788 1322 ab
817 1278 880 1324 eis
904 1277 1173 1325 admonitus
1198 1278 1476 1326 Silvestrum
1497 1294 1606 1324 cum

196 1355 378 1403 clericis
403 1354 496 1400 suis
527 1355 792 1411 revocavit,
829 1364 876 1401 et
902 1353 961 1400 ab
986 1355 1086 1419 ipso
1109 1372 1233 1402 verae
1256 1355 1415 1401 salutis
1444 1353 1608 1401 erudi-

196 1433 379 1480 tionem
403 1429 608 1486 audivit,
635 1430 771 1496 eique
802 1429 1007 1477 libenter
1033 1431 1082 1477 in
1106 1429 1328 1478 omnibus
1352 1430 1602 1495 acquievit.

195 1508 375 1557 Deinde
398 1526 515 1572 papa
550 1508 634 1571 ipsi
660 1497 710 1555 e!
735 1509 867 1554 omni
892 1509 1072 1572 populo
1098 1508 1355 1556 christiano
1371 1509 1604 1573 jejunium

198 1589 338 1634 unius
362 1585 667 1633 hebdomadae
694 1585 892 1642 indixit;
925 1603 1022 1650 quo
1044 1597 1261 1650 peracto,
1289 1604 1478 1651 vespere
1502 1585 1608 1632 sab-

197 1666 295 1712 hati
332 1664 530 1711 salutare
563 1664 800 1710 lavacrum
834 1665 882 1710 in
918 1665 1092 1729 palatio
1123 1666 1423 1713 Lateranensi
1454 1666 1606 1729 parari

197 1741 425 1806 praecepit
449 1751 496 1788 et
522 1759 578 1787 ex
603 1759 737 1789 more
755 1741 1080 1788 sanctificavit.
1104 1743 1241 1788 Tunc
1267 1741 1608 1790 Constantinus

199 1819 460 1883 baptizatus
499 1828 599 1874 est,
643 1817 896 1884 subitoque
936 1836 1022 1883 per
1061 1818 1261 1866 mediam
1298 1818 1398 1867 fere
1443 1818 1608 1867 horam

198 1897 345 1945 nimia
369 1896 472 1943 luce
489 1896 720 1943 emicante
735 1914 759 1942 a
777 1896 905 1961 lepra
922 1895 1175 1943 mundatus
1195 1907 1264 1944 est
1276 1932 1290 1954 ‚
1307 1907 1355 1945 et
1367 1895 1608 1943 Christum

199 1993 246 2023 se
269 1974 436 2021 vidisse
460 1974 698 2022 confessus
722 1984 806 2021 est.

263 2053 580 2101 Constantino
601 2053 862 2117 imperante
877 2053 1131 2100 concilium
1150 2069 1260 2100 xmv
1279 2052 1609 2117 episcoporum

201 2133 250 2178 in
284 2130 401 2178 urbe
431 2131 581 2178 Roma
612 2130 791 2177 factum
822 2141 907 2178 est.
943 2130 1011 2177 lbi
1045 2131 1267 2178 Silvester
1296 2147 1412 2195 papa
1442 2140 1606 2178 contra

203 2225 269 2255 xu
289 2209 595 2273 peritissimos
610 2207 884 2255 Judaeorum
901 2209 1138 2272 principes
1155 2207 1434 2272 disputavit,
1453 2219 1499 2255 et
1511 2207 1607 2272 opi-

203 2286 382 2333 tulante
408 2287 510 2332 Deo
538 2285 914 2332 contradicentes
938 2284 1025 2331 sibi
1050 2284 1428 2332 authenticarum
1458 2282 1608 2331 imbre

203 2364 544 2411 sententiarum
561 2364 812 2426 superavit.
837 2364 1014 2410 Contra
1037 2362 1264 2411 Abiathar
1286 2373 1333 2410 et
1349 2363 1463 2410 loasi
1482 2361 1608 2407 Rab-

205 2441 325 2488 bites
359 2440 608 2487 dissertum
639 2451 707 2486 est
742 2441 871 2505 quod
898 2442 1035 2489 Pater
1071 2453 1118 2488 et
1148 2441 1292 2488 Filius
1325 2450 1371 2487 et
1404 2439 1606 2502 Spiritus

250 2688 299 2731 (1)
331 2687 658 2724 comminatione.
681 2687 878 2722 manuscrit
898 2686 942 2722 de
959 2677 1241 2722 Saiut-Evroult.
