1738 3043
145 295 223 335 124
517 294 763 333 HISTORIA
793 293 1198 333 ECCLESIASTICA.

149 376 257 422 tatis
277 392 373 421 suae
397 374 588 420 ruinam
609 373 792 422 videret
811 412 823 436 ‚
846 375 990 422 tertio
1010 372 1273 421 obsidionis
1292 375 1389 438 ejus
1411 391 1573 423 mense

150 452 373 517 migravit
390 450 446 497 ad
469 450 759 509 Dominum,
786 460 837 499 v⁰
856 452 950 498 kal.
978 450 1284 516 septen1bris5
1308 468 1418 498 cum
1436 451 1574 498 vixis-

151 540 220 577 set
245 531 382 576 annis
409 545 580 588 Lxxv1‚
610 530 658 577 in
682 530 908 578 clericatu
935 540 1094 577 autem
1122 530 1191 577 vel
1226 530 1274 576 in
1299 529 1573 594 episcopatu

151 624 301 652 annos
336 605 487 653 ferme
521 623 577 653 xL
612 607 908 671 complesset.
945 607 1054 667 Quo
1094 617 1309 671 tempore
1340 606 1572 665 Vandali,

152 694 285 748 capta
308 683 616 749 Carthagine,
644 685 854 732 Siciliam
882 702 1077 750 quoque
1108 684 1404 732 deleverunt.
1432 683 1576 749 Cujus

152 763 438 827 captivitatis
454 762 764 811 Paschasinus
779 763 1081 829 Lilybitanus
1099 764 1295 810 antistes
1312 763 1359 809 in
1377 762 1575 827 epistola

153 842 401 899 meminit,
423 859 567 906 quam
591 842 648 889 de
672 843 858 890 ratione
877 841 1080 906 paschali
1101 860 1235 906 papae
1261 841 1409 889 Leoni
1434 840 1578 904 scrip-

153 919 215 966 sit
234 920 255 983 (
266 920 328 983 ι).

220 996 292 1044 Ad
312 998 479 1045 Scotos
500 999 548 1044 in
569 997 815 1044 Christum
835 997 1080 1044 credentes
1103 996 1352 1044 ordinatus
1375 1014 1398 1042 a
1420 995 1579 1043 Celes-

154 1077 260 1123 tino
285 1094 399 1140 papa
437 1076 669 1123 Palladius
704 1076 888 1140 primus
923 1076 1169 1140 episcopus
1205 1075 1417 1121 mittitur
1451 1091 1579 1122 anno

157 1153 414 1201 Theodosii
443 1162 568 1201 V1110.
601 1152 868 1200 Rccedente
890 1171 915 1199 a
935 1153 1182 1199 Britannia
1211 1169 1415 1200 romano
1440 1169 1580 1199 exer-

155 1232 285 1287 citu,
321 1231 539 1296 cognita,
578 1230 709 1276 Scoti
747 1240 792 1276 et
828 1230 978 1287 Picti,
1016 1228 1196 1276 reditus
1234 1228 1578 1295 denegatione,

155 1307 359 1355 redeunt
384 1308 501 1372 ipsi;
540 1316 588 1354 et
620 1316 770 1354 totam
806 1305 864 1352 ab
889 1305 1129 1371 Aquilone
1162 1305 1364 1353 insulam
1389 1322 1480 1371 pro
1505 1305 1582 1351 in-

156 1385 338 1453 digenis
377 1403 521 1434 muro
562 1396 699 1434 tenus
744 1395 1010 1450 capessunt.
1059 1384 1158 1432 Nec
1202 1402 1335 1432 mora
1349 1420 1363 1442 ,
1415 1385 1546 1432 caesis
1563 1420 1579 1443 ‚

160 1466 330 1529 captis,
353 1464 618 1530 fugatisque
638 1463 914 1511 custodibus
938 1467 1065 1511 muri
1086 1474 1134 1510 et
1155 1464 1256 1528 ipso
1278 1464 1579 1528 interrupto,

158 1544 301 1590 etiam
329 1543 453 1589 intra
490 1542 623 1588 illum
655 1541 858 1589 crudelis
887 1541 1052 1606 praedo
1083 1551 1335 1607 grassatur.
1370 1542 1584 1588 Mittitur

159 1620 356 1685 epistola
409 1620 632 1686 lacrymis
685 1620 1007 1685 aerumnisque
1049 1619 1220 1667 referta
1265 1619 1323 1666 ad
1370 1636 1583 1668 romanae

159 1699 407 1764 potestatis
419 1699 579 1745 virum
596 1698 790 1746 Aetium
808 1708 878 1745 ter
893 1698 1155 1756 consulem,
1173 1707 1310 1745 xx111⁰
1328 1697 1583 1748 Theodosii

160 1778 394 1842 principis
428 1796 584 1835 anno,
620 1787 786 1842 petens
821 1776 1076 1833 auxilium,
1104 1794 1193 1824 nec
1231 1778 1456 1842 impetrat
1485 1777 1579 1841 (2).

160 1857 346 1903 Interea
377 1855 523 1903 fames
555 1854 656 1901 dira
688 1872 740 1901 ac
771 1854 1080 1901 famosissima
1115 1854 1344 1920 profugos
1372 1853 1581 1902 infestat.

164 1933 269 1993 Qua
299 1933 448 1980 coacti
487 1932 682 1997 quidam
715 1931 931 1979 hostibus
964 1931 1134 1979 dedere
1172 1949 1357 1980 manus.
1398 1930 1491 1978 Alii
1528 1930 1586 1979 de

208 2102 258 2147 (ι)
283 2101 445 2147 (Depuis
463 2101 495 2136 la
517 2107 614 2136 mort
639 2100 867 2136 d'Honorius
895 2116 900 2134 :
932 2098 971 2135 15
991 2100 1078 2135 aofit
1098 2098 1232 2143 425-28
1247 2099 1371 2146 juillet
1390 2099 1484 2147 450).
1507 2100 1585 2136 Va-

161 2160 339 2196 lentinien
361 2161 415 2195 111
436 2167 539 2208 recut
556 2160 588 2195 la
605 2172 766 2208 pout-pre
781 2162 801 2195 a
819 2160 991 2194 Ravenne
1004 2187 1013 2203 ‚
1034 2158 1067 2194 le
1085 2158 1130 2194 25
1147 2159 1296 2195 octobre
1312 2157 1392 2202 425.
1411 2158 1583 2203 placidie,

164 2232 200 2254 sa
226 2221 343 2263 mere,
368 2221 462 2255 avait
484 2222 542 2255 ete
568 2219 722 2255 decor-ee
749 2219 799 2254 du
817 2219 905 2254 titre
929 2219 1120 2266 d’augnste
1139 2230 1185 2253 en
1213 2221 1293 2261 42¹·
1317 2219 1381 2253 Les
1401 2216 1586 2254 Vandales

164 2279 348 2324 passerent
377 2291 422 2313 en
454 2278 606 2325 Afrique
637 2291 682 2313 en
713 2278 783 2312 mai
812 2281 891 2324 429.
921 2277 1025 2311 Saint
1054 2276 1239 2323 Augustin
1268 2283 1420 2311 mourut
1446 2276 1512 2323 fige
1540 2276 1586 2312 de

163 2339 440 2372 soixante-seim
460 2350 541 2380 ans,
563 2337 724 2384 pendant
742 2336 775 2370 lc
793 2337 890 2383 siege
910 2335 1137 2382 d’Hippone,
1157 2334 1190 2369 le
1213 2335 1257 2371 28
1279 2335 1366 2370 aofit
1385 2334 1465 2378 450.
1495 2336 1585 2373 Car-

166 2396 276 2440 thage
296 2396 351 2430 sut
378 2396 474 2442 prise
492 2408 537 2429 en
560 2394 646 2437 458,
673 2402 708 2429 et
732 2394 764 2429 la
784 2394 892 2429 Sicilc
915 2407 960 2429 en
986 2397 1063 2437 440.
1089 2394 1348 2439 paschasinus,
1377 2395 1514 2443 eveque
1539 2395 1586 2431 de

166 2455 312 2502 Lilybeo
339 2454 595 2500 (aujourd’hui
627 2455 819 2500 Μαι-5313),
853 2455 909 2489 sut
940 2453 1133 2489 lui-meme
1163 2454 1287 2490 re'duit
1316 2467 1363 2490 en
1392 2455 1583 2503 captivite‚

165 2526 308 2549 comme
325 2513 350 2548 il
370 2513 524 2548 l⁷atteste
543 2512 632 2547 dans
649 2526 683 2547 sa
705 2513 812 2549 lettre
830 2526 875 2548 au
896 2526 987 2560 pape
1006 2513 1100 2548 saint
1120 2514 1230 2548 Lc'on.

212 2574 262 2617 (2)
287 2572 385 2606 Dans
416 2583 456 2606 ce
484 2572 732 2619 paragraphe,
766 2572 939 2607 transcrit
966 2571 1229 2606 litteralement
1257 2570 1302 2606 de
1329 2570 1447 2615 Bbde,
1480 2577 1586 2606 notre

165 2638 296 2666 auteur
312 2637 458 2677 compte
477 2642 620 2665 comme
634 2631 684 2665 lui
706 2631 757 2666 les
775 2633 908 2666 anne-es
927 2630 977 2664 du
995 2631 1109 2677 regne
1127 2629 1173 2664 de
1190 2628 1383 2664 Theodose
1395 2629 1448 2672 ΙΙ,
1468 2631 1488 2664 'a
1507 2641 1587 2675 pai·-

165 2690 214 2724 tir
232 2689 278 2724 de
297 2689 328 2724 la
348 2696 444 2723 mort
459 2688 683 2724 d⁷llon0rius
700 2688 757 2734 (15
775 2690 845 2724 mai
862 2688 956 2734 425).
977 2689 1127 2736 D’apres
1151 2688 1185 2722 le
1203 2700 1350 2735 passage
1369 2699 1586 2734 correspon-

165 2749 255 2784 dant
272 2748 316 2783 de
339 2748 524 2783 l’Histoire
542 2750 829 2797 ecclessiastique,
857 2762 950 2785 nous
966 2749 1101 2784 devons
1118 2748 1237 2783 croire
1255 2759 1326 2794 que
1352 2747 1383 2781 la
1407 2747 1585 2785 huitieme

167 2810 282 2843 annee
300 2809 345 2844 de
364 2808 557 2843 Theodose
577 2816 631 2843 est
654 2808 686 2843 la
705 2809 807 2852 date,
830 2822 903 2843 non
929 2808 978 2843 dn
1004 2808 1134 2855 depart
1159 2807 1203 2842 (le
1228 2807 1373 2842 l’armee
1399 2807 1581 2849 romaine,

164 2880 306 2902 comme
325 2868 355 2902 lv
375 2876 478 2917 porte
500 2868 530 2902 lc·
551 2876 645 2903 texto
668 2870 838 2915 imprimi·
859 2869 921 2903 des
939 2869 1033 2903 deux
1052 2868 1266 2907 historiens,
1288 2867 1376 2902 mais
1391 2867 1481 2902 dela
1497 2867 1584 2901 mis-
