1738 3043
179 239 229 277 70
546 237 782 276 HISTORIA
813 235 1211 277 ECCLESIAS'I‘ICA,

179 321 296 377 suis,
324 329 369 365 et
391 335 479 382 pro
504 316 728 364 omnibus
754 318 834 383 qui
865 316 1090 365 credituri
1120 328 1256 364 erant
1278 334 1361 381 per
1388 316 1587 366 verbum

178 414 346 444 eorum
379 397 426 442 in
458 395 635 452 Deum,
667 395 933 442 orationem
958 394 1230 459 benigniter
1256 394 1501 460 profudit3
1538 396 1586 442 in

178 492 268 538 qua
290 473 442 519 multo
460 473 635 535 majora
657 490 798 537 quam
820 471 1021 518 humana
1046 471 1272 537 fragilitas
1294 481 1456 536 petere
1472 488 1590 536 prae·

179 551 467 615 sumpsisset,
483 567 571 614 pro
584 549 722 597 nobis
732 568 755 596 a
768 551 904 597 Patre
913 550 1093 598 clemen
1101 551 1303 597 tissimus
1314 560 1590 615 orator-pos-

181 628 351 675 tulavit
371 629 390 692 (
402 629 465 692 ι).
491 628 629 674 Tunc
643 628 899 675 secundum
922 629 1093 673 Lucam
1107 628 1355 675 contentio
1371 628 1496 675 inter
1508 627 1594 674 dis

180 708 219 752 ci
226 706 363 771 pulos
380 705 500 752 facta
515 715 584 753 est
596 741 609 762 ,
635 706 741 771 quis
757 722 923 753 eorum
944 705 1182 753 videretur
1201 724 1296 753 esse
1312 707 1481 770 major.
1503 704 1594 752 Sed

180 784 385 831 coelestis
411 783 582 830 doctor
607 783 663 829 ad
691 782 1007 830 humilitatem
1035 801 1112 830 eos
1139 784 1365 848 exemplis
1391 783 1594 831 omnino

180 862 459 926 provocavit
478 871 525 908 et
548 861 702 907 dictis.
726 859 1042 908 Imbecillium
1070 861 1227 925 itaque
1251 860 1592 925 discipulorum

181 938 543 985 contentionem
567 937 644 1000 pie
668 937 984 1000 compescuit,
1008 947 1054 982 ct
1078 937 1282 1000 seipsum
1305 937 1399 983 sola
1424 937 1598 1000 pietate

182 1017 377 1063 illorum
407 1015 679 1061 ministrum
709 1015 894 1059 astruit.
929 1013 1113 1073 Quibus
1148 1031 1257 1060 cum
1293 1014 1376 1062 illo
1407 1031 1599 1078 perma-

183 1092 408 1141 nentibus
427 1109 628 1156 regnum
648 1093 789 1139 etiam
807 1091 1074 1154 promittit,
1096 1102 1143 1138 et
1159 1101 1268 1156 post
1284 1092 1438 1157 aliqua
1454 1093 1599 1139 Petro

186 1170 450 1235 improvide
466 1171 663 1233 jactanti
692 1170 808 1216 dicit
830 1190 839 1215 :
869 1169 1061 1227 Simon,
1089 1187 1197 1216 ecce
1217 1168 1432 1216 Satanas
1456 1186 1601 1235 expe-

186 1251 285 1295 tivit
302 1266 407 1305 vos,
432 1258 481 1293 at
500 1247 729 1294 cribraret
748 1250 870 1293 sicut
887 1248 1111 1293 triticam.
1132 1247 1245 1312 Ego
1262 1258 1422 1293 autem
1435 1248 1606 1312 rogavi

185 1343 275 1392 pro
300 1335 344 1370 te
358 1362 370 1380 ‚
401 1335 450 1369 at
474 1341 569 1370 non
589 1322 918 1387 deficiatficles
937 1334 1038 1370 tua.
1060 1323 1128 1369 Et
1145 1333 1194 1368 ta
1212 1322 1479 1388 aliquando
1499 1339 1606 1370 con-

190 1417 371 1458 versas,
405 1398 636 1461 confirma
647 1400 837 1461 fratres
861 1409 982 1446 tuos.
1018 1398 1110 1458 Qui
1134 1398 1256 1444 dixit
1278 1399 1319 1445 ei
1341 1416 1352 1442 τ
1373 1399 1602 1455 Domine,

190 1490 338 1524 tecam
362 1488 571 1541 paratas
599 1494 701 1522 sum
735 1488 778 1522 et
808 1478 856 1522 in
883 1494 1119 1523 carcerem
1145 1488 1188 1522 et
1220 1478 1270 1522 in
1294 1487 1490 1524 mortem
1518 1477 1602 1522 ire.

190 1555 253 1600 Et
281 1554 358 1600 ille
379 1572 388 1597 τ
414 1554 540 1599 Dico
568 1553 674 1611 tibi,
704 1556 841 1599 Petre
865 1572 876 1598 .·
900 1571 997 1600 non
1016 1553 1232 1599 cantabit
1250 1553 1392 1601 hodie
1412 1553 1602 1616 gallus,

193 1633 344 1678 donec
377 1643 446 1676 ter
477 1631 684 1695 abneges
718 1649 856 1677 nosse
889 1649 978 1676 me.
1014 1631 1073 1676 Et
1104 1630 1223 1676 dixit
1248 1631 1313 1677 eis
1347 1651 1357 1676 :
1394 1629 1607 1694 Quando

194 1713 306 1756 misi
328 1728 412 1756 vos
438 1711 541 1756 sine
562 1709 759 1756 sacculo
794 1720 836 1754 et
854 1727 976 1775 pera
1009 1720 1052 1755 et
1078 1709 1416 1756 calceamentis
1431 1747 1445 1767 ,
1478 1725 1610 1755 num·

195 1788 316 1852 quid
346 1787 540 1851 aliquid
569 1785 723 1851 defait
763 1786 930 1834 vobis?
960 1786 1023 1833 At
1050 1787 1115 1832 illi
1151 1787 1378 1834 dixerunt
1410 1805 1420 1831 ε
1451 1786 1607 1834 Nihil.

196 1867 326 1912 Dixit
347 1882 459 1929 crgo
484 1865 547 1911 eis
571 1885 579 1909 ε
608 1864 710 1911 Sed
733 1883 861 1911 nunc
891 1867 973 1930 qai
1003 1865 1145 1911 habet
1168 1865 1440 1923 sacculum,
1476 1864 1613 1912 tollat

196 1942 416 1989 similiter
437 1952 480 1987 et
499 1958 694 2006 peram,·
719 1953 762 1987 et
788 1943 874 2006 qai
895 1958 992 1988 non
1016 1940 1157 1988 habet
1168 1979 1183 1999 ,
1205 1941 1384 1988 vendat
1400 1942 1613 1988 tunicam

198 2038 335 2068 suam
365 2030 409 2064 et
435 2029 562 2064 emat
583 2017 826 2082 gladium.
851 2017 914 2064 At
938 2018 1005 2064 illi
1029 2038 1038 2063 ε
1061 2018 1194 2065 Ecce
1207 2018 1375 2083 gladii
1392 2018 1491 2066 duo
1514 2017 1609 2065 hic.

200 2097 290 2157 Qui
315 2096 436 2142 dixit
452 2097 516 2142 eis
538 2116 547 2141 :
569 2095 703 2142 Satis
723 2107 792 2142 est
813 2096 905 2158 (2)

266 2178 419 2225 XVII.
447 2177 512 2222 Et
535 2175 718 2240 hymno
740 2175 895 2232 dicto,
923 2176 1045 2221 sicut
1066 2175 1316 2221 Matthaeus
1335 2176 1616 2240 Marcusque

202 2263 607 2309 commemorant,
644 2253 864 2299 exierunt
898 2253 946 2298 in
976 2262 1192 2298 montem
1224 2251 1425 2309 Oliveti;
1455 2251 1616 2317 ibique

204 2342 318 2377 tunc
342 2331 463 2376 dixit
489 2329 579 2375 illis
608 2348 617 2372 :
651 2330 826 2376 Omnes
849 2346 936 2376 vos
964 2329 1256 2376 scandalum
1276 2331 1539 2395 patiemini
1565 2331 1616 2376 in

204 2426 275 2454 me
297 2411 343 2454 in
371 2409 463 2454 ista
487 2418 638 2453 nocte.
668 2406 780 2453 Inde
803 2407 934 2453 venit
955 2407 1001 2453 in
1027 2407 1261 2471 praedium
1285 2406 1584 2455 Gethsemani
1598 2442 1612 2464 ‚

204 2484 331 2550 quod
351 2486 692 2548 interpretatur
709 2484 857 2530 vallis
870 2486 1151 2550 pinguiam,
1172 2484 1267 2531 sive
1280 2484 1612 2550 pinguedinis.

206 2564 264 2609 Et
285 2562 405 2608 dixit
430 2561 668 2625 discipulis
696 2562 789 2607 suis
815 2582 823 2607 :
852 2561 1022 2608 Sedete
1039 2562 1144 2617 hic;
1170 2571 1328 2618 orate,
1354 2579 1412 2607 ne
1438 2562 1617 2607 intretis

254 2740 303 2781 (ι’)
329 2739 455 2772 Joann.
478 2749 558 2772 xiii.
583 2749 740 2775 Qi-xxu,
764 2737 818 2771 126.
844 2759 878 2762 -u
906 2739 957 2781 (τι.)
977 2739 1061 2772 Luc.
1085 2749 1169 2781 xxii,
1191 2735 1314 2779 24-58.
