1738 3043
659 204 812 243 LIBER
843 204 1047 244 PRIMUS.
1513 207 1564 243 (50

148 288 307 334 omnia
346 286 485 333 docet
519 302 605 331 uos
642 282 813 331 debere
849 285 1066 332 oratione
1105 284 1302 330 muniri.
1344 283 1480 330 Unde
1518 294 1565 330 et

148 375 346 429 propter
378 365 551 411 trinam
581 362 893 412 tentationem
925 363 1152 426 passionis
1181 371 1338 426 potest
1364 361 1563 427 intelligi

147 442 382 489 Dominus
409 452 480 489 ter
502 457 674 489 orasse.

210 520 414 567 Joaunes
441 518 634 583 insignis
665 516 913 582 theologus
938 517 1101 563 asserit
1130 516 1259 581 quod
1287 519 1417 564 Jesus
1439 527 1566 582 post-

146 614 288 661 quam
313 597 452 661 pedes
485 597 610 643 Petri
645 596 803 661 primo
838 595 1046 641 multum
1080 593 1405 658 prohibentis,
1444 595 1567 642 alio-

146 692 348 740 rumque
375 675 514 732 lavit,
547 675 674 721 inter
706 675 903 740 mystica
930 671 1071 721 verba
1099 672 1394 737 propheticae
1419 674 1564 738 scrip-

147 762 268 799 turae
286 753 569 801 auctoritate
588 751 889 817 proditorem
912 751 1065 798 adhuc
1086 752 1272 799 occulte
1291 751 1535 799 denotavit
1549 789 1562 810 ,

144 828 335 876 dicens:
365 830 462 893 Qui
487 829 755 876 manducat
773 847 954 877 mecum
976 847 1181 894 panem,
1211 828 1382 876 levabit
1399 840 1567 876 contra

143 924 218 953 me
241 906 526 953 calcaneum
551 925 708 953 suum.
733 906 912 954 Deinde
937 923 1044 953 cum
1064 906 1345 954 decrevisset
1370 924 1478 954 eum
1497 925 1565 954 se-

144 982 302 1030 cundo
329 983 659 1042 manifestare,
693 982 912 1031 turbatus
945 994 1015 1032 est
1049 984 1222 1048 spiritu
1263 996 1309 1033 et
1338 995 1568 1050 protesta-

145 1071 218 1107 tus
247 1071 316 1108 est
349 1071 396 1108 et
422 1061 544 1108 dixit
573 1081 583 1106 :
616 1063 800 1120 Amen,
830 1079 973 1108 amen
996 1061 1109 1108 dico
1132 1062 1271 1109 vobis
1303 1063 1420 1127 quia
1445 1081 1566 1109 unus

145 1157 207 1185 esc
232 1139 366 1185 vobis
399 1140 555 1186 tradet
577 1157 667 1186 me.
697 1137 1003 1203 Aspiciebant
1031 1157 1144 1204 ergo
1167 1139 1224 1186 ad
1246 1140 1448 1186 invicem
1474 1139 1566 1186 dis-

144 1215 313 1280 cipuli,
329 1216 597 1263 haesitantes
612 1215 668 1263 de
681 1233 778 1281 quo
795 1216 989 1263 diceret.
1008 1217 1175 1264 Simon
1191 1218 1357 1264 Petrus
1370 1218 1563 1274 Joanni,

143 1295 224 1359 qui
246 1311 383 1358 supra
406 1305 569 1359 pectus
588 1296 698 1341 Jesu
716 1293 1050 1352 recumbebat,
1075 1295 1236 1341 innuit
1251 1330 1264 1352 ,
1292 1305 1338 1342 et
1359 1296 1565 1342 Joannes

143 1372 456 1437 interrogavit
482 1391 492 1416 τ
521 1373 755 1431 Domine,
780 1374 887 1437 quis
914 1372 1020 1419 est?
1038 1373 1155 1429 Ille,
1187 1373 1370 1438 inquit,
1395 1384 1465 1419 est
1486 1375 1569 1419 cui

141 1468 230 1515 ego
263 1452 514 1500 intinctum
538 1470 722 1517 panem
751 1469 1032 1518 porrexero.
1066 1453 1127 1498 Et
1161 1469 1271 1498 cum
1297 1452 1567 1498 intinxisset

141 1545 340 1592 panem,
372 1528 502 1576 dedit
531 1529 666 1575 Judae
690 1529 898 1576 Simonis
931 1527 1209 1576 scariothis.
1234 1530 1296 1576 Et
1320 1540 1428 1593 post
1450 1527 1567 1574 buc-

143 1607 336 1666 cellam,
377 1619 494 1654 tune
534 1608 755 1656 introivit
793 1609 841 1654 in
880 1608 1014 1654 illum
1052 1609 1242 1654 Satanas
1278 1619 1324 1655 et
1363 1607 1482 1654 dicit
1523 1607 1562 1655 ei

140 1685 270 1732 Jesus
292 1705 301 1729 :
337 1686 761 1752 Quoclfizcz's,fac
781 1688 939 1734 eitius.
962 1687 1064 1734 Hoc
1089 1697 1247 1733 autem
1267 1703 1410 1733 nemo
1428 1685 1566 1731 scivit

142 1763 544 1812 discumbentium
573 1766 632 1813 ad
661 1766 776 1831 quid
808 1765 984 1813 dixerit
1003 1766 1062 1812 ei.
1092 1765 1175 1812 Ille
1198 1774 1308 1829 post
1329 1763 1431 1810 haec
1451 1764 1566 1811 exiit

143 1844 395 1890 continuo.
434 1844 552 1890 Erat
577 1854 736 1891 autem
768 1862 883 1892 nox.
913 1845 1035 1890 Cum
1067 1861 1180 1908 ergo
1205 1844 1420 1901 exiisset,
1445 1843 1567 1888 dixit

142 1922 272 1967 Jesus
305 1942 314 1965 :
346 1921 495 1968 Nunc
518 1922 816 1986 clarificatus
840 1933 908 1968 est
930 1923 981 1968 F
978 1922 1092 1968 ilias
1117 1921 1344 1978 hominis,
1370 1932 1413 1965 et
1430 1920 1565 1966 Deus

146 1997 440 2060 clartflcalus
473 2009 541 2044 est
573 1999 620 2043 in
655 2016 727 2044 eo.
764 1998 828 2044 Et
857 1997 944 2043 alia
968 1997 1118 2043 multa
1143 1996 1263 2042 dixit
1292 1996 1427 2041 mirae
1453 2014 1564 2060 pro-

145 2074 392 2122 funditatis
421 2075 558 2122 verba
582 2075 639 2122 de
664 2094 769 2123 vera
797 2076 879 2122 Dei
913 2086 960 2122 ct
983 2075 1190 2140 proximi
1219 2073 1474 2135 charitate,
1509 2074 1566 2122 de

147 2154 396 2200 Trinitatis
430 2155 639 2210 unitate,
675 2154 733 2201 de
766 2155 892 2200 trina
918 2154 1044 2201 Petri
1071 2153 1350 2216 negatione,
1379 2164 1425 2200 et
1457 2154 1566 2219 Spi-

147 2230 266 2276 ritus
305 2231 461 2277 Sancti
511 2230 726 2277 Paracliti
767 2230 974 2278 adventu
1016 2241 1063 2277 et
1104 2229 1462 2287 consolatione3
1508 2231 1566 2279 de

147 2308 482 2356 mandatorum
507 2310 595 2357 Dei
629 2309 962 2357 observatione
995 2319 1042 2356 et
1071 2308 1198 2355 felici
1223 2307 1469 2355 bonorum
1496 2327 1569 2357 re-

149 2388 507 2444 muneratione;
543 2387 600 2434 de
624 2386 837 2434 fidelium
870 2387 1200 2451 persecutione
1230 2395 1277 2432 et
1303 2384 1568 2433 infidelium

150 2463 454 2511 inexcusabili
474 2463 780 2512 damnatione
793 2483 806 2522 3
836 2463 894 2510 de
911 2462 1256 2527 discipulorum
1277 2461 1569 2528 dispersione

150 2552 197 2588 et
221 2543 423 2589 instante
443 2544 542 2606 jam
567 2543 636 2588 sui
663 2542 895 2606 passione.

216 2619 579 2684 lncomparabili
607 2620 746 2666 linito
773 2636 1015 2675 sermone,
1043 2620 1175 2667 Jesus
1197 2619 1361 2667 oculos
1389 2619 1436 2666 in
1465 2635 1570 2665 coe—

154 2697 251 2742 lum
285 2697 569 2756 sublexavit,
611 2708 658 2745 ct
690 2697 1004 2745 exaudibilem
1041 2698 1166 2745 Patri
1201 2715 1291 2761 pro
1327 2696 1568 2760 discipulis
