1738 3043
577 185 731 226 LIBER
759 185 1039 224 SECUNDUS.
1449 184 1526 222 419

105 266 196 315 Sed
220 266 361 331 paulo
381 275 512 331 post,
536 275 660 312 nutu
683 265 768 312 Dci
784 300 798 321 ,
828 272 883 310 11⁰
911 263 1012 310 idus
1036 262 1249 312 octobris
1274 261 1530 310 defunctus

105 355 192 393 est.
232 346 372 392 Hunc
414 344 645 390 nimirum
684 342 887 407 plurima
927 341 1186 389 multitudo
1225 340 1528 407 sequebatur.

71 430 80 441 ⁸
106 421 386 471 Bonesacius
418 419 709 486 presbyteris
738 429 786 466 et
818 419 1055 477 (liaconis,
1093 419 1387 483 notariisque
1421 436 1532 466 scu-

106 499 239 547 tellas
263 499 320 546 de.
348 496 702 546 haereditatibus
726 496 932 555 obtulit,
960 508 1008 545 et
1029 497 1266 544 alimoniis
1294 497 1457 543 multis
1483 498 1533 544 in

105 576 320 641 periculo
343 576 480 623 famis
506 575 634 622 clero
658 574 898 621 subvenit.
931 576 983 620 In
1009 574 1197 620 basilica
1220 575 1378 632 Sancti
1405 575 1534 622 Petri

106 655 309 720 apostoli
335 654 575 720 synodum
594 653 925 718 congregavit,
959 663 1006 699 et
1028 652 1259 717 vigilium
1289 652 1536 700 diaconem

107 731 197 779 sibi
221 748 539 779 successorem
562 729 725 794 elegit;
757 729 836 777 sed
862 729 968 777 iude
991 740 1152 794 postea
1177 731 1420 793 poenitens
1439 746 1535 775 suae

107 810 473 874 subscriptionis
500 807 873 874 chirographum
901 809 948 855 in
974 809 1225 872 praesentia
1253 807 1365 855 cleri
1391 819 1438 856 et
1461 827 1538 856 se-

103 899 242 936 natus
286 888 516 936 incendit.
558 889 610 934 In
644 886 834 934 basilica
867 887 1014 933 sancti
1049 887 1176 933 Petri
1215 886 1414 950 apostoli
1449 885 1537 933 sub

104 964 180 1013 die
205 975 329 1012 xvu⁰
357 965 530 1012 mensis
549 963 763 1011 octobris
788 963 999 1027 sepultus
1023 974 1092 1010 est
1108 999 1122 1021 ,
1148 973 1195 1010 et
1225 963 1419 1011 cessavit
1438 964 1540 1029 epi-

110 1053 330 1108 scopatus
356 1059 540 1089 menses
562 1041 682 1088 duos
698 1077 712 1097 ,
738 1040 836 1087 dies
853 1039 1128 1105 quindecim
1150 1040 1239 1104 (1).

170 1121 376 1169 Joannes
401 1119 667 1167 Mercurius
697 1119 967 1174 Romanus,
997 1136 1052 1164 ex
1079 1129 1213 1181 patre
1239 1120 1459 1182 Projecto
1481 1118 1539 1167 de

108 1200 482 1254 Coelio-monte,
520 1198 640 1245 sedit
667 1197 803 1244 annis
836 1213 870 1242 11
903 1196 1144 1243 mensibus
1177 1215 1223 1243 1v
1257 1197 1423 1245 diebus
1455 1215 1537 1256 v1,

107 1279 410 1344 temporibus
446 1276 704 1324 Athalariei
743 1286 790 1322 et
824 1275 1098 1322 Just'iniani.
1137 1276 1402 1341 Religiosus
1438 1276 1540 1324 Au-

106 1369 269 1425 gustus
289 1373 478 1410 summo
502 1373 665 1403 amore
688 1353 960 1401 christianae
980 1354 1223 1419 religionis
1246 1354 1388 1403 fidem
1406 1374 1538 1404 suam

106 1436 324 1501 scripsit,
366 1434 714 1500 propriumque
756 1430 1128 1496 chirographum
1170 1449 1280 1478 cum
1318 1434 1539 1497 pretiosis

108 1512 390 1562 muneribus
414 1531 499 1578 per
518 1510 807 1576 Eparchium
833 1520 880 1557 et
902 1511 1198 1558 Demetrium
1224 1511 1331 1559 Sedi
1355 1523 1540 1577 aposto-

106 1593 212 1640 licae
240 1594 387 1640 misit.
418 1593 624 1639 Joannes
647 1590 891 1654 episcopos
916 1607 1000 1636 xx¹
1031 1591 1340 1637 consecravit.
1368 1593 1423 1638 In
1449 1591 1538 1638 ba-

108 1672 237 1719 silica
261 1670 383 1719 beati
409 1670 537 1717 Petri
562 1668 763 1733 apostoli
785 1674 857 1715 v1⁰
878 1668 966 1714 kal.
981 1669 1107 1732 junii
1127 1669 1338 1734 sepultus
1368 1681 1462 1727 est,
1490 1682 1538 1718 et

109 1750 303 1797 cessavit
327 1749 624 1812 episcopatus
649 1746 746 1793 dies
767 1763 815 1792 vl
840 1746 931 1810 (2).

173 1825 401 1890 Agapitus
421 1825 665 1870 Romanus
682 1858 695 1878 ‚
726 1840 780 1869 ex
801 1832 935 1887 patre
954 1820 1199 1869 Gordiano
1220 1823 1504 1889 presbytero
1519 1860 1533 1882 ‚

109 1904 228 1952 sedit
259 1899 502 1950 mensibus
530 1917 580 1947 xl
606 1899 772 1947 (liebus
798 1917 938 1947 xvm.
974 1901 1062 1946 Hic
1091 1919 1115 1946 a
1140 1900 1389 1950 Theodato
1426 1921 1537 1969 rege

157 2103 208 2149 (ι)
234 2101 294 2147 (ι5
312 2102 461 2137 octobre
478 2099 617 2137 530-16
635 2100 831 2135 novembre
846 2098 944 2146 552.)
963 2101 1011 2135 Le
1029 2113 1115 2135 nom
1133 2100 1182 2136 du
1200 2102 1286 2148 pere
1300 2102 1345 2137 de
1363 2114 1404 2137 ce
1422 2116 1535 2151 pape,

110 2222 202 2271 qu'il
219 2222 307 2257 etait
325 2222 428 2258 Goth
447 2221 650 2268 d'origine,
670 2221 833 2268 quoique
853 2220 1011 2256 Romaiu
1030 2220 1076 2256 de
1099 2222 1297 2258 naissance.
1316 2223 1386 2258 Par
1407 2222 1439 2258 le
1460 2230 1539 2259 mot

113 2283 295 2325 scutellae,
317 2281 342 2316 il
362 2281 439 2316 saut
457 2280 635 2316 entendre
658 2279 721 2314 des
748 2279 902 2315 ecuelles
929 2280 1102 2327 chargees
1125 2280 1344 2317 d'aliments.
1365 2282 1539 2319 Dioscore

114 2353 161 2377 ne
179 2347 329 2376 mourut
349 2352 410 2387 pas
427 2338 516 2374 (lans
535 2339 567 2374 le
584 2339 675 2374 mois
693 2338 880 2375 d'octobre
892 2368 901 2382 ‚
924 2339 1014 2374 mais
1031 2339 1063 2374 le
1087 2351 1125 2375 12
1141 2341 1351 2376 novembre.
1368 2341 1540 2378 Boniface

115 2400 174 2436 sut
191 2401 336 2436 enterre
354 2411 437 2434 sous
457 2398 489 2433 le
511 2399 648 2445 porche
667 2397 713 2433 de
730 2398 994 2434 Saint-Pierre.

161 2459 213 2505 (α)
238 2460 296 2505 (22
309 2458 452 2505 janvier
468 2455 604 2506 535-27
627 2457 698 2492 mai
716 2455 814 2503 555.)
833 2457 894 2493 On
912 2458 980 2492 snit
1001 2470 1074 2505 que
1092 2457 1125 2492 le
1145 2465 1248 2493 mont
1263 2458 1419 2503 Coelius‚
1439 2460 1540 2507 place'

116 2531 163 2554 au
181 2519 280 2555 S.-E.
302 2518 348 2553 de
368 2518 501 2559 Rome,
531 2517 682 2552 donnait
701 2529 765 2552 son
792 2529 877 2551 nom
902 2519 921 2551 a
946 2517 977 2551 la
1004 2517 1195 2552 donni-me
1221 2519 1350 2565 region
1375 2519 1422 2553 de
1447 2526 1541 2553 cette

115 2579 200 2614 ville
227 2579 317 2614 dans
345 2579 376 2614 la
405 2578 707 2624 circonscription
739 2576 942 2623 d'Auguste
970 2577 1293 2624 (Coelimonlana).
1320 2579 1367 2613 La
1392 2579 1540 2613 mission

118 2638 304 2685 d'Hypace
321 2640 371 2683 (et
392 2652 463 2674 non
483 2650 544 2685 pas
561 2630 775 2684 Eparchius)
792 2644 827 2670 et
848 2637 1056 2671 Demetrius
1069 2639 1199 2684 παρηὶς
1214 2638 1263 2673 du
1287 2652 1376 2686 pape
1391 2646 1452 2673 eut
1469 2639 1540 2674 lieu

120 2709 165 2730 en
184 2694 265 2731 533.
