1738 3043
196 261 273 303 354
566 257 807 296 llls'l'ORIA
840 256 1241 297 ECCLESIASTICA.

197 348 382 386 sanaret
403 353 571 401 rogare
597 337 764 400 coepit.
800 336 1061 383 Sanitatem
1084 354 1198 385 vero
1222 337 1552 402 promittenti,
1579 342 1615 387 si

197 417 433 471 crederet,
475 432 523 462 se
559 415 608 461 in
646 414 909 462 Dominum
948 415 1108 461 Jesum
1146 415 1337 465 credere
1377 416 1615 482 perhibet.

198 498 336 542 Tune
378 494 565 541 Marcus
601 495 827 557 juvenem
867 493 1151 558 baptizavit,
1194 506 1241 541 et
1275 495 1433 543 omnis
1468 494 1528 542 ab
1563 513 1620 545 eo

198 574 325 637 lepra
361 571 568 619 recessit.
609 571 697 618 Illo
734 570 891 635 itaque
925 581 1116 627 sanato,
1150 571 1340 619 Ulfinus
1372 589 1483 620 cum
1517 583 1617 621 tota

193 649 369 696 familia
402 667 482 696 sua
515 648 778 713 baptizatus
811 658 897 695 est.
925 648 1188 696 Multitudo
1223 666 1418 715 quoque
1451 651 1617 716 populi

197 728 245 774 in
273 727 349 773 illa
377 725 453 774 die
476 725 710 790 baptizata
729 738 814 773 est.
839 730 948 773 Post
970 726 1237 791 aliquantos
1261 745 1411 776 annos
1434 731 1621 776 Marcus

194 805 477 854 desideravit
500 806 697 852 Petrum
728 804 915 862 videre,
946 805 1193 871 voluitque
1220 806 1408 854 occulte
1432 805 1621 872 plebem

195 885 437 932 dimittere
470 893 516 931 et
550 885 753 931 Romam
788 883 934 930 adire.
977 883 1119 944 Quod
1152 895 1276 931 nutu
1307 885 1391 932 Dei
1424 902 1622 950 compe—

195 963 372 1010 rientes
407 961 570 1025 populi
610 960 822 1007 diluculo
855 971 1200 1019 cucurrerunt,
1233 973 1281 1009 et
1306 962 1622 1010 vociferantes

195 1052 251 1087 ut
281 1051 519 1104 pastorem
545 1039 610 1086 eis
635 1038 769 1086 daret
791 1039 1052 1102 petierunt.
1080 1040 1220 1085 Tunc
1257 1040 1568 1104 Hermagoras
1598 1058 1623 1086 a

197 1117 378 1182 populo
404 1116 579 1163 electus
605 1126 701 1173 est,
729 1125 776 1162 et
801 1133 825 1160 a
849 1114 990 1162 beato
1016 1115 1180 1162 Marco
1199 1116 1403 1163 Romam
1425 1115 1626 1181 perduc-

200 1207 275 1243 tus
313 1206 398 1242 est.
437 1193 508 1241 lbi
544 1212 567 1240 a
604 1192 745 1241 beato
776 1194 919 1240 Petro
952 1193 1169 1257 apostolo
1203 1194 1626 1259 proto-episcopus

195 1273 459 1339 provinciae
485 1272 631 1318 Italiae
665 1271 815 1318 factus
839 1281 930 1328 est,
965 1281 1012 1318 et
1044 1281 1154 1335 post
1183 1270 1335 1318 multa
1371 1271 1621 1330 miracula,

199 1371 307 1418 quae
332 1353 456 1399 Deus
482 1351 531 1397 in
558 1349 738 1414 populo
772 1367 855 1414 per
890 1349 1027 1395 illum
1051 1360 1272 1413 operatus
1303 1359 1396 1408 est,
1434 1349 1627 1396 Nerone

200 1432 488 1495 imperante,
518 1427 605 1474 sub
631 1428 824 1474 Sex-asto
851 1426 1051 1492 praeside
1068 1463 1081 1484 ,
1109 1443 1219 1472 cum
1247 1427 1517 1474 Fortunato
1550 1444 1628 1472 ar·-

201 1508 484 1555 chidiacono
504 1523 559 1552 111
583 1505 685 1552 idus
701 1505 810 1569 julii
833 1505 1170 1570 martyrizatus
1188 1505 1364 1569 est(1).

267 1588 436 1632 Beatus
460 1601 574 1631 'vero
599 1585 783 1630 Marcus
800 1621 811 1642 ‚
851 1592 1016 1629 sancto
1048 1584 1192 1629 Petro
1217 1581 1435 1646 apostolo
1457 1582 1630 1646 praeci-

201 1666 387 1731 piente,
415 1664 628 1727 regimen
651 1661 952 1708 Alexandriae
976 1660 1094 1707 sedis
1114 1661 1343 1724 suscepit,
1373 1669 1420 1707 et
1447 1659 1630 1724 primus

203 1745 253 1790 in
298 1754 422 1789 terra
468 1741 666 1806 Aigypti
708 1738 954 1785 Christum
997 1737 1275 1802 praedicavit
1289 1756 1302 1795 3
1345 1738 1393 1784 in
1435 1737 1631 1802 regione

203 1838 397 1887 quoque
422 1819 588 1884 Libyae
619 1817 914 1865 Marmaricae
939 1828 987 1863 et
1010 1816 1334 1874 Ammonieae‚
1360 1816 1434 1863 vel
1458 1817 1633 1863 Penta-

203 1900 381 1964 polim,
420 1914 582 1944 reram
617 1895 760 1943 fidem
795 1895 1116 1942 annuntiavit.
1159 1894 1331 1940 Cuncti
1369 1893 1630 1950 nimirum,

205 1978 287 2042 qui
338 1986 453 2022 tunc
495 1975 543 2020 in
585 1973 655 2019 his
695 1973 833 2019 terris
875 1970 1180 2028 habitabant,
1223 1970 1543 2018 incircumcisi
1587 1978 1635 2017 et

209 2054 425 2101 idolatrae
461 2063 508 2099 et
541 2050 673 2098 omni
714 2049 940 2114 spurcitia
971 2048 1141 2113 repleti
1174 2057 1327 2095 erant.
1368 2048 1489 2095 Cum
1520 2062 1634 2112 ergo

208 2133 401 2178 Marcus
426 2134 662 2195 Cyrcnem
677 2163 690 2185 ‚
718 2145 826 2192 quae
858 2138 928 2174 est
959 2125 1083 2190 apud
1111 2125 1439 2190 Pentapolim,
1466 2141 1635 2189 perve-

210 2211 385 2266 nisset,
416 2219 463 2255 et
488 2206 730 2271 indigenas
754 2203 1036 2252 execrabiles
1065 2220 1155 2268 pro
1188 2203 1350 2249 nimiis
1381 2200 1636 2250 sceleribus

212 2287 490 2341 invenissem
520 2284 771 2332 exordium
799 2282 976 2329 faciens
1008 2282 1158 2328 divini
1193 2281 1425 2328 sermonis
1460 2280 1511 2326 in
1542 2295 1637 2326 no-

213 2365 344 2410 minc
368 2362 560 2409 Domini
585 2359 817 2407 medelam
842 2359 1050 2407 contulit
1080 2358 1300 2406 infirmis.
1326 2358 1448 2406 Nam
1473 2357 1637 2421 lepro-

214 2458 287 2488 sos
321 2437 608 2496 mundabat,
649 2438 923 2503 multosque
959 2438 1273 2503 nequissimos
1307 2436 1501 2501 spiritus
1533 2434 1636 2482 solo

219 2535 435 2567 sermone
460 2515 682 2582 pellebat.
710 2516 910 2562 Plurimi
934 2515 1167 2582 siquidem
1188 2515 1288 2562 haec
1305 2512 1518 2561 videntes
1537 2529 1637 2559 cre-

264 2717 313 2759 (ι)ι
341 2714 401 2748 On
438 2719 604 2747 trouvera
639 2712 727 2745 dans
755 2711 989 2765 MombffitiuS
1019 2710 1053 2745 la
1082 2709 1259 2757 legende,
1290 2708 1521 2744 visiblement
1551 2718 1638 2754 apo-

221 2774 373 2821 erxplne,
396 2772 441 2807 (ie
461 2785 499 2807 ce
519 2771 698 2818 pretendu
719 2771 925 2817 patriarche
942 2768 1146 2816 d'Aquilce.
