1738 3043
671 184 823 222 LIBER
855 183 1062 223 PRIMUS.
1527 189 1577 223 77

160 266 275 313 dari
293 266 504 319 διῖκται-ι’,
535 275 578 310 et
597 262 832 310 dicentem
852 280 902 307 se
925 263 1167 309 Christum
1189 280 1345 327 regem
1367 281 1482 310 esse.
1515 266 1578 311 Et

160 362 268 391 cum
285 352 598 397 accusaretur,
618 351 670 386 ut
688 338 942 387 Matthaeus
961 340 1044 396 ait,
1067 358 1090 386 a
1111 340 1408 405 principibus
1426 360 1578 393 sacer-

158 421 327 482 dotum
346 430 393 467 et
413 415 678 466 senioribus
704 416 893 480 populi,
920 416 1041 462 nihil
1067 417 1339 480 respondit,
1368 419 1496 483 quod
1523 438 1576 465 ex

158 495 520 543 mansuetudine
543 493 672 541 fecit.
697 494 834 538 Tunc
853 493 919 538 ait
946 492 1012 538 illi
1045 493 1221 540 Pilatus
1257 513 1265 537 :
1300 495 1413 541 Non
1434 496 1578 542 audis

159 586 343 640 quanta
362 573 612 620 adversum
643 583 684 618 te
708 570 878 618 dicunt
907 570 1216 618 testimonia?
1241 573 1300 619 Et
1324 574 1512 620 nullum
1537 575 1576 620 ei

158 652 358 700 verbum
382 650 652 715 respondit,
684 651 746 696 ita
773 661 825 696 ut
848 651 1106 697 miraretur
1125 668 1296 714 praeses
1321 651 1579 699 vehemen-

159 740 247 776 ter.
285 728 486 775 Sedentc
519 727 601 774 illo
633 744 722 791 pro
755 726 1008 783 tribunali,
1036 728 1168 773 misit
1200 726 1254 774 ad
1291 728 1425 774 illum
1458 748 1579 776 uxor

155 808 252 870 ejus
267 843 280 866 ‚
299 804 459 852 dicens
483 827 492 851 :
517 804 659 851 „Nihil
679 804 767 850 tibi
783 805 970 869 etjaslo
989 805 1079 851 illi.
1106 806 1164 850 M
1166 805 1267 851 ulla
1287 807 1412 852 enim
1421 825 1580 872 passa

153 901 259 929 sum
289 882 434 929 lzodie
456 901 552 949 per
586 885 738 928 visum
760 894 962 948 propter
993 900 1116 928 eum.
1152 882 1350 930 Dicente
1384 884 1536 931 Pilato
1566 905 1575 930 :

154 960 296 1008 Nilzil
313 962 499 1007 invenio
522 978 687 1008 causae
706 962 755 1006 in
774 960 989 1017 homine,
1011 962 1035 1007 J
1043 960 1162 1007 udaei
1183 999 1194 1020 ,
1218 971 1271 1007 ut
1294 963 1442 1008 Lucas
1461 964 1579 1009 scri-

154 1036 253 1094 bit,
290 1037 637 1086 invalescebant
667 1039 876 1085 dicentes
908 1059 918 1085 ε
946 1040 1212 1087 Commovz't
1225 1040 1466 1107 populum
1488 1060 1581 1107 per

156 1117 422 1163 universam
451 1117 707 1171 Judoeam,
741 1116 916 1163 docens
950 1128 994 1163 et
1030 1118 1265 1182 incipiens
1292 1136 1323 1164 α
1362 1118 1577 1165 Galz'lcea

156 1211 304 1258 usque
331 1194 442 1240 lzuc.
468 1193 644 1240 Pilatus
668 1204 827 1241 autem
850 1193 1044 1241 audiens
1069 1193 1343 1253 Galilaeam‚
1368 1196 1578 1244 interro-

152 1272 279 1336 gavit
320 1273 354 1318 si
397 1271 542 1319 homo
577 1271 799 1319 Galilaeus
832 1284 980 1330 esset3
1019 1285 1065 1320 et
1099 1284 1152 1319 ut
1188 1275 1414 1338 cognovit
1447 1276 1577 1340 quod

152 1347 209 1395 de
234 1349 433 1396 Herodis
459 1359 692 1413 potestate
711 1360 854 1405 esset,
882 1351 1067 1397 remisit
1092 1368 1201 1397 eum
1225 1351 1282 1397 ad
1308 1351 1542 1399 Herodem
1561 1389 1573 1408 ‚

152 1427 234 1491 qui
260 1437 306 1474 et
333 1427 428 1491 ipse
451 1426 761 1492 Jerosolymis
786 1438 888 1474 erat
917 1427 1007 1474 illis
1037 1427 1220 1476 diebus.
1249 1429 1458 1477 Herodes
1486 1448 1577 1477 au-

153 1515 276 1564 tem,
309 1506 409 1552 viso
440 1506 575 1563 Jesu,
604 1506 786 1571 gavisus
809 1517 879 1554 est
903 1507 1053 1554 valde.
1086 1510 1203 1554 Erat
1227 1509 1357 1556 enim
1381 1510 1575 1574 cupiens

151 1602 207 1632 ex
227 1584 381 1632 multo
409 1595 624 1650 tempore
642 1585 802 1633 videre
828 1603 936 1633 eum
952 1622 964 1642 ‚
992 1604 1048 1634 eo
1073 1587 1203 1652 quod
1222 1587 1408 1635 audiret
1426 1588 1576 1634 multa

150 1661 208 1709 de
235 1661 343 1718 illo,
366 1672 413 1708 et
437 1661 656 1726 sperabat
679 1663 868 1728 signum
889 1663 1082 1728 aliquod
1100 1663 1260 1712 videre
1284 1663 1343 1710 ab
1369 1682 1425 1712 eo
1450 1664 1572 1712 fieri.

151 1739 483 1806 Interrogabat
507 1740 642 1787 illum
666 1741 830 1788 multis
853 1741 1170 1790 sermonibus.
1194 1742 1258 1788 At
1278 1743 1374 1807 ipse
1394 1742 1513 1790 nihil
1533 1745 1574 1791 ei

151 1818 486 1883 respondebat.
509 1818 709 1866 Stabant
727 1820 966 1885 principes
986 1821 1283 1869 sacerdotum
1307 1832 1354 1869 et
1378 1822 1572 1880 scribae,

152 1907 427 1944 constanter
441 1907 710 1944 accusantes
731 1915 856 1944 eum.
880 1899 1068 1962 Sprevit
1086 1899 1221 1945 illum
1239 1899 1448 1947 Herodes
1464 1919 1574 1947 cum

153 1974 364 2020 exercitu
386 1989 496 2030 suo,
526 1983 574 2020 et
601 1973 747 2019 illusit
776 1974 998 2020 indutum
1019 1986 1145 2021 veste
1170 1974 1302 2033 alba,
1329 1987 1375 2022 et
1395 1977 1575 2023 remisit

152 2050 209 2097 ad
234 2051 455 2098 Pilatum.
483 2051 540 2097 Et
569 2050 681 2097 sacti
709 2063 820 2099 sunt
847 2052 984 2098 amici
1012 2052 1220 2100 Herodes
1244 2063 1289 2100 et
1314 2053 1492 2100 Pilatus
1525 2056 1572 2101 in

152 2128 249 2192 ipsa
273 2128 371 2185 die,
398 2146 510 2175 nam
537 2139 672 2175 antea
701 2129 880 2175 inimici
907 2140 1043 2176 erant
1067 2130 1124 2176 ad
1151 2130 1372 2178 invicem.

215 2207 423 2265 Pilatus,
463 2208 734 2256 convocatis
770 2207 1121 2273 magistratibus
1162 2219 1209 2255 et
1245 2209 1384 2274 plebe
1407 2246 1420 2268 ‚
1455 2210 1575 2257 dixit

152 2285 208 2332 ad
241 2285 345 2333 illos
381 2307 390 2332 :
431 2286 683 2334 Obtult‘stis
709 2286 830 2333 milzc'
854 2287 981 2334 hunc
1008 2287 1247 2335 hominem
1276 2290 1422 2353 quasi
1444 2307 1576 2336 ever-

152 2376 319 2412 tentem
331 2365 590 2431 populum;
609 2376 652 2411 et
671 2383 781 2412 ecce
798 2383 886 2430 ego
907 2385 1068 2413 coram
1091 2366 1227 2414 vobis
1249 2368 1569 2432 interrogans,

149 2441 338 2497 nullam
359 2460 560 2489 causam
589 2443 748 2488 inveni
768 2445 818 2488 in
847 2442 1035 2489 homine
1064 2445 1176 2501 isto,
1204 2461 1265 2490 ez*
1287 2443 1362 2490 lzz‘s
1389 2446 1440 2490 in
1464 2448 1574 2509 qui-

152 2519 238 2567 bas
263 2539 371 2567 eum
398 2522 659 2568 accusati&
689 2520 791 2567 Sed
815 2539 968 2586 neque
990 2522 1048 2568 II
1046 2522 1229 2570 erodes.
1258 2523 1392 2570 lVam
1412 2525 1576 2569 remisi

150 2616 238 2646 vos
261 2599 331 2644 ad
359 2598 493 2645 illum
507 2637 522 2657 ,
553 2610 596 2645 ει
621 2616 728 2645 ecce
754 2599 877 2645 niln'l
903 2600 1107 2664 dignum
1132 2613 1280 2648 morte
1308 2613 1469 2649 actum
1503 2613 1571 2646 est

155 2675 242 2721 illi.
273 2677 600 2726 Emendatum
632 2695 744 2741 ergo
771 2677 906 2724 illum
931 2679 1189 2726 dimittam.
1223 2679 1410 2727 Sciebat
1443 2680 1569 2724 enim
