1738 3043
183 234 261 270 ⁴296
550 231 581 267 11
595 229 791 267 lS'l‘ORlA
824 229 1228 268 ECCLEslAS'rlm.

183 329 311 359 neno
336 310 511 356 mortui
538 309 766 355 divinitus
793 310 1132 366 excitarentur,
1160 320 1208 357 et
1231 311 1452 374 promisit
1474 312 1602 378 quod

183 390 248 435 sic
280 388 338 434 ab
369 387 500 434 omni
526 386 767 434 dubietate
801 406 884 435 cor
917 391 1014 452 ejus
1047 389 1403 436 emundaretur.
1434 390 1603 455 Populi

183 478 340 514 :intem
380 464 688 531 insurgebant
727 467 772 513 in
809 467 971 523 illum,
1009 467 1218 514 dicentes
1248 485 1296 514 se
1330 467 1607 516 incensuros

185 548 363 609 ipsum,
394 545 631 609 ipsiusque
650 544 875 602 domum,
899 545 934 590 si
960 563 1096 591 ausus
1121 544 1270 592 fuerit
1295 545 1419 592 ultra
1440 563 1608 594 vexare

184 624 266 670 Dei
294 622 581 686 apostolum.
607 623 811 669 Joannes
836 639 975 679 vero,
1012 633 1066 668 ut
1099 623 1380 670 acerrimam
1410 623 1609 671 seditio-

185 718 295 747 nem
322 700 447 746 inter
470 699 714 747 credentes
741 711 786 747 et
814 699 1081 746 incredulos
1106 701 1221 746 oriri
1248 701 1513 765 perspexit,
1542 701 1610 747 si-

185 779 387 826 lentium
412 778 574 842 petiit,
603 789 646 825 et
674 778 857 824 eunctis
888 777 1188 824 audientibus
1218 778 1276 824 ait
1317 798 1326 823 ε
1363 779 1611 825 Patientia

176 859 343 924 prima
379 869 448 904 est
482 859 634 903 virtus
676 874 821 921 quam
850 856 910 902 de
940 856 1115 903 (livinis
1143 857 1398 903 virtutibus
1428 858 1613 904 imitari

185 936 426 982 debemus.
459 935 621 992 I'ncle,
643 935 687 980 si
705 933 868 980 adhue
890 935 938 980 A
942 935 1218 980 ristodimus
1240 934 1302 979 ab
1327 934 1612 999 infidelitate

183 1031 274 1059 sua
309 1023 514 1068 tenetur,
549 1011 791 1057 solvamus
824 1010 975 1057 nodos
1010 1011 1310 1070 &fidelitatis
1341 1013 1463 1076 ejus.
1497 1011 1611 1058 Non

185 1093 309 1138 enim
345 1090 542 1137 cessabo
577 1089 639 1136 ab
671 1089 762 1136 lzoe
793 1107 961 1156 opere,
1001 1106 1248 1154 quousque
1283 1089 1474 1135 medela
1506 1090 1612 1154 ejus

178 1171 334 1237 possit
369 1167 648 1215 vulneribus
680 1170 946 1234 provenire.
990 1168 1187 1234 Oportet
1221 1185 1294 1214 me
1318 1168 1471 1233 periti
1495 1185 1614 1232 per-

183 1238 501 1294 sei2erantt'am
529 1245 709 1293 medici
735 1245 934 1303 habere,
968 1247 1054 1310 qui
1081 1246 1251 1292 varias
1287 1244 1501 1291 medelas
1534 1245 1615 1291 in·-

185 1336 367 1371 stanter
383 1342 514 1387 (egro
534 1324 718 1388 satagit
740 1322 984 1370 adlu'bere.
1010 1321 1097 1369 Sic
1120 1323 1347 1369 nimirum
1368 1320 1482 1368 huie
1499 1321 1615 1368 lan-

183 1402 363 1467 guido,
390 1405 433 1449 si
457 1402 622 1449 adhue
655 1413 850 1448 curatus
875 1419 971 1448 non
1002 1412 1070 1447 est
1101 1400 1162 1447 de
1193 1418 1248 1447 eo
1275 1400 1616 1465 quodfactum

188 1493 284 1539 est,
306 1481 569 1543 faeimnus
611 1479 754 1526 aliud
791 1479 925 1543 quod
945 1479 1150 1541 factum
1185 1495 1281 1525 non
1315 1489 1398 1524 est.
1437 1477 1617 1525 Deinde

189 1557 538 1604 Aristodimum
571 1556 629 1603 ad
660 1574 706 1604 se
737 1557 1048 1613 convocavit,
1079 1557 1386 1621 tunicamque
1415 1573 1546 1602 suam
1573 1556 1613 1603 ei

188 1634 334 1681 dedit.
374 1635 476 1697 lpse
514 1649 628 1680 vero
665 1633 863 1678 amictus
899 1632 1043 1696 pallio
1080 1633 1237 1689 stetit,
1278 1633 1416 1696 eique
1448 1632 1618 1696 praeci·

188 1712 322 1776 piens
346 1710 467 1757 dixit
496 1731 506 1755 :
541 1710 709 1768 Vade,
744 1721 786 1756 et
815 1713 943 1757 mitte
967 1727 1113 1776 super
1138 1708 1474 1774 defunctorum
1503 1726 1615 1757 eor-

182 1808 313 1856 pora
330 1827 344 1845 ,
372 1800 414 1835 et
439 1788 572 1834 dices
598 1790 665 1834 ita
690 1807 700 1833 .·
727 1788 942 1834 Joannes
967 1787 1217 1853 apostolus
1239 1788 1445 1834 Domini
1466 1790 1620 1835 nostri

191 1869 307 1914 Jesu
338 1866 518 1916 Christi
539 1867 667 1912 misit
690 1883 763 1912 me
788 1865 861 1912 ad
882 1883 994 1923 vos,
1028 1876 1076 1911 ut
1101 1867 1150 1911 in
1180 1866 1285 1930 ejus
1308 1866 1501 1913 nomine
1525 1883 1618 1912 ex·-

191 1946 434 2011 surgatis,
484 1955 529 1990 et
568 1955 866 2008 cognoscant
902 1960 1066 1990 omnes
1106 1945 1224 2008 quia
1264 1961 1392 1990 mors
1432 1954 1477 1990 et
1514 1944 1620 1990 vita

174 2022 495 2088 famulantur
527 2022 739 2069 Domino
769 2039 873 2068 meo
901 2021 1019 2068 Jesu
1049 2021 1254 2068 Christo.
1289 2021 1515 2068 Protinus
1540 2020 1619 2068 ille

194 2117 303 2146 cum
330 2099 469 2163 jussis
506 2097 907 2163 obtemperasset,
949 2108 997 2145 et
1037 2097 1272 2145 redivivos
1314 2108 1618 2162 exsurgentes

193 2178 406 2232 vidisset,
436 2179 705 2241 apostolum
729 2177 928 2224 adorans
957 2176 1158 2223 festinus
1190 2176 1248 2222 ad
1281 2175 1617 2240 proconsulem

192 2256 429 2320 perrexit,
458 2265 505 2302 et
523 2253 757 2301 mirabilia
778 2272 885 2318 quae
912 2253 1119 2310 viderat,
1149 2270 1263 2300 voce
1286 2270 1456 2318 magna
1483 2253 1620 2301 voci-

193 2334 392 2382 serando
409 2370 420 2390 ‚
450 2333 676 2380 narravit.
704 2332 885 2379 Deinde
911 2330 1098 2378 salubre
1124 2331 1379 2378 consilium
1403 2331 1613 2389 invenit,

195 2424 242 2461 et
278 2412 554 2476 proconsuli
594 2411 714 2457 dixit
754 2431 763 2456 :
807 2411 1030 2468 Eamus,
1075 2421 1118 2456 et
1156 2409 1375 2458 advoluti
1412 2409 1616 2474 genibus

197 2488 411 2555 apostoli
448 2489 643 2534 veniam
675 2487 994 2553 postulemus.
1043 2487 1182 2533 Tunc
1221 2485 1362 2532 simul
1401 2484 1457 2531 ad
1497 2502 1617 2548 apo-

198 2566 373 2612 stolum
402 2574 664 2620 venerunt,
696 2574 743 2610 et
772 2574 1128 2627 prosternentes
1159 2580 1231 2619 se,
1272 2560 1615 2625 indulgentiam

198 2643 545 2708 flagitaverunt.
569 2641 697 2699 Quos
719 2641 795 2688 ille
813 2640 1085 2705 benigniter
1101 2639 1327 2702 suscepit,
1347 2639 1613 2686 orationem

199 2723 297 2769 Deo
323 2738 430 2767 cum
450 2719 708 2783 gratiarum
730 2720 915 2767 actione
935 2718 1139 2775 obtulit,
1169 2717 1325 2781 eisque
1348 2716 1487 2765 unius
1505 2715 1615 2766 heb-
