1738 3043
222 242 295 277 21⁴5
587 239 821 275 lllffl'llllllael
858 239 1242 277 ECCLPMASTICA

221 321 329 365 mlii
373 320 684 383 pann-ulpicum
708 322 938 380 jacentem
957 356 968 375 ,
1005 331 1050 365 et
1083 320 1140 365 ab
1171 338 1226 366 eo
1250 320 1398 366 sanari
1427 319 1623 368 fideliter

217 408 515 461 poscentem,
553 407 597 443 et
629 398 693 442 :iit
732 397 794 442 illi
835 418 845 442 :
884 399 939 442 lte
967 399 1157 442 nornine
1183 398 1406 461 craet'sz'm'
1428 398 1628 444 Domini

219 480 308 522 mei
333 476 371 521 J
370 493 451 521 esu
481 475 686 531 Clu-isti,
712 494 802 539 pro
834 476 974 539 cajus
1008 494 1168 520 aneon·
1193 475 1344 521 dacor·
1373 475 1442 520 ad
1464 475 1627 521 (lecol-

220 555 463 605 lationem,
495 571 676 616 arzuge
692 571 856 603 sanus,
883 565 926 598 et
944 553 1140 599 benedic
1161 553 1456 599 Salvatorem
1475 563 1624 600 tuam.

220 632 309 690 Qui
351 631 569 694 protinus
607 630 839 683 surrexit,
881 641 926 675 et
961 630 1165 693 gaudens
1205 647 1420 687 currere,
1461 630 1628 677 Domi-

218 726 428 772 numque
466 706 743 755 benedici-ri·
777 708 942 770 eoepit.
979 707 1116 767 Quod
1153 707 1314 753 videns
1353 706 1499 753 Josias
1522 742 1534 763 ,
1571 705 1628 753 ad

214 785 353 849 pedes
381 784 579 848 apostoli
607 785 816 837 corruit,
844 794 890 829 et
918 783 1259 848 indulgentiam
1289 782 1347 828 ab
1376 800 1431 830 eo
1461 782 1628 846 ‘humi-

221 863 327 908 liter
353 862 537 925 petixit.

280 940 480 986 Jacobus
506 949 662 985 autem
685 939 951 1003 intelligens
976 956 1058 986 cor
1077 941 1173 1002 ejus
1198 957 1222 984 a
1243 941 1341 986 Deo
1366 939 1625 998 visitatum,

214 1019 395 1082 gauisus
423 1026 510 1071 est,
544 1026 590 1062 et
614 1017 760 1063 Josias
789 1016 1047 1062 Dominum
1083 1017 1242 1062 Jesum
1274 1033 1439 1063 verum
1477 1015 1628 1063 filium

216 1099 301 1144 Dei
323 1097 412 1142 xivi
434 1095 672 1142 confessus
691 1106 776 1140 est.
799 1095 937 1139 Tunc
958 1092 1186 1140 Abiathar
1203 1093 1316 1140 fecit
1332 1111 1439 1141 eum
1457 1094 1627 1150 teneri,⁴

218 1186 263 1222 et
294 1193 346 1222 os
373 1176 469 1237 ejus
492 1173 663 1237 pugnis
689 1171 821 1218 caedi.
850 1172 1031 1218 Deinde
1056 1172 1193 1217 missa
1225 1171 1281 1218 de
1312 1188 1369 1219 eo
1399 1171 1630 1218 relatione

214 1252 269 1297 ad
313 1249 575 1305 Herodem,
623 1249 893 1313 impetravit
941 1258 993 1293 ut
1036 1247 1367 1295 decollaretur.
1414 1247 1630 1311 Cumque

215 1326 418 1374 jacobus
454 1344 561 1373 eum
593 1323 1025 1371 osculatus·fuisset
1046 1360 1058 1380 ,
1096 1341 1291 1370 manum
1324 1341 1454 1370 suam
1491 1339 1630 1387 super

217 1415 356 1468 caput
382 1407 478 1467 ejus
506 1403 687 1466 posuit,
719 1403 967 1466 ipsumque
994 1400 1118 1447 sacto
1139 1400 1380 1465 signaculo
1406 1400 1557 1446 crucis
1582 1400 1629 1445 in

219 1485 380 1528 fronte
404 1483 501 1542 ejus
527 1479 785 1526 benedixit.
815 1479 891 1524 Sic
923 1478 1158 1541 perfectus
1187 1478 1233 1524 in
1266 1477 1354 1524 fide
1382 1495 1490 1524 cum
1517 1493 1632 1540 apo-

220 1560 341 1605 stolo
361 1557 616 1604 decollatus
634 1566 718 1613 est,
742 1567 786 1601 et
804 1553 1034 1602 ambobus
1049 1555 1482 1602 remunerationem
1497 1565 1630 1602 aeter-

223 1655 330 1683 nam
357 1636 660 1698 omnipotens
689 1633 964 1678 Emmanuel
993 1632 1186 1695 largitus
1214 1643 1294 1678 est.

285 1713 626 1759 Consummato
664 1711 823 1774 itaque
852 1708 973 1756 beati
1012 1707 1171 1755 Jacobi
1199 1708 1427 1772 apostoli,
1471 1707 1630 1754 fratris

219 1791 389 1854 egregii
410 1789 604 1835 joannis
618 1786 956 1850 Evangelistae,
975 1787 1232 1850 martyrio,
1259 1785 1388 1850 quod
1406 1794 1514 1832 νιιι0
1536 1785 1627 1831 kal.

222 1866 401 1930 augusti
420 1865 583 1911 festive
608 1862 811 1909 celebrat
831 1862 1047 1909 Ecclesiae
1066 1862 1256 1909 devotio
1269 1898 1282 1919 ‚
1302 1871 1480 1926 septem
1497 1861 1633 1907 disci-

218 1945 317 2010 puli
343 1946 438 2008 ejus
457 1979 468 1998 ‚
499 1943 579 2007 qui
606 1941 663 1987 ab
684 1959 738 1987 eo
765 1942 810 1987 in
831 1959 936 1987 vera
960 1941 1049 1987 fide
1076 1941 1278 1987 instituti
1305 1941 1508 2004 passioni
1532 1941 1631 2003 ejus

220 2022 567 2076 interfuerunt,
615 2037 786 2083 corpus
831 2023 926 2083 ejus
967 2019 1194 2065 divinitus
1233 2017 1386 2065 edocti
1434 2028 1631 2065 vetustae

219 2102 324 2147 navi
358 2101 713 2163 imposuerunt;
748 2098 937 2162 altoque
963 2097 1152 2161 pelago,
1181 2097 1280 2143 sine
1310 2095 1629 2161 gubernatore

220 2178 579 2241 necessariisque
610 2177 936 2222 instrumentis
951 2212 962 2231 ,
991 2193 1036 2221 se
1060 2175 1356 2238 dispensante
1374 2175 1477 2220 Deo
1499 2190 1628 2220 com-

219 2259 467 2303 miserunt.
505 2254 578 2299 Sic
609 2255 732 2299 miro
758 2253 900 2299 modo
929 2253 973 2297 in
1002 2252 1270 2315 Hispaniam
1289 2250 1468 2314 appulsi
1489 2261 1624 2307 sunt,

221 2345 265 2379 ‹et
287 2351 309 2377 a
337 2350 443 2393 rege
468 2330 676 2376 Gallicia:
711 2330 907 2391 suseepti
937 2330 1144 2392 primum
1180 2328 1320 2375 fidem
1356 2339 1399 2374 et
1432 2327 1627 2392 religio—

229 2427 335 2455 nem
370 2407 515 2452 Iberis
556 2405 960 2469 praedivaxvrunt,
1007 2405 1163 2470 ibique
1203 2403 1519 2452 venerabilem
1555 2420 1627 2449 se-

225 2486 462 2550 pulturam
505 2485 729 2545 magistro
772 2501 854 2528 sno
895 2483 1046 2547 adepti
1092 2493 1219 2529 sunt.
1263 2482 1407 2529 Multa
1453 2479 1627 2527 ibidem

227 2561 442 2608 miracula
475 2561 652 2605 nivi-itis
683 2562 826 2605 saneti
856 2559 1015 2606 Jacobi
1051 2560 1247 2624 apostoli
1272 2558 1388 2604 facta
1415 2568 1553 2614 sunt,
1580 2567 1625 2604 et

228 2639 509 2685 habitatores
538 2638 678 2683 {otius
705 2638 1074 2700 p1·0vi11‹·i÷1†jam
1094 2636 1270 2682 dudum
1287 2635 1458 2681 Christi
1485 2634 1624 2680 fidem

218 2724 542 2777 snsrvpmunt.
563 2715 613 2757 ln
632 2713 733 2757 >mlv
749 2714 1003 2774 pontificali
1024 2712 1313 2758 eanoniitales
1327 2710 1507 2758 asseclae
1523 2727 1626 2773 pre-
