1738 3043
258 262 335 299 ‘266
624 258 866 296 HISTORIA
896 258 1297 297 E(]Cl„l⁴ISlASTlC.·‘l.

258 340 442 388 miset-i,
485 339 570 400 qui
614 338 804 384 credere
846 340 1036 384 nescitis
1078 356 1186 402 quae
1228 338 1381 385 oculis
1411 339 1586 387 videtis
1626 350 1669 387 et

259 418 478 464 manibus
504 419 793 464 attrectatis!
826 418 950 463 Vere
968 417 1120 463 habeo
1145 417 1361 464 eumdem
1387 435 1526 483 quem
1547 436 1671 484 por·-

259 512 475 542 reseram
503 513 757 562 pannum,
805 496 866 542 de
904 494 1145 560 infusione
1175 497 1382 561 pretiosi
1417 497 1671 561 sanguinis

255 573 539 637 gloriosum.
582 572 762 620 Deinde
802 573 1066 636 tripudians
1105 573 1341 620 enarravit
1379 572 1510 638 quod
1546 574 1673 620 Pau-

260 650 330 695 lus
358 649 780 697 innumerabilium
811 649 1169 697 candidatorum
1197 651 1393 697 catervis
1425 650 1676 697 comitatus

259 726 317 774 de
341 727 463 774 coelo
489 729 698 785 venerit3
733 728 1060 793 maforamque
1089 727 1330 785 deferens,
1365 729 1565 794 gratiam
1586 745 1677 792 pro

261 802 555 867 benignitate
582 805 628 850 in
655 822 762 852 eum
791 803 946 850 habita
971 804 1216 863 retulerit,
1245 803 1428 869 sibique
1448 803 1679 869 pollicita-

265 881 445 927 tionem
471 894 663 929 aeternae
682 881 1015 930 retributionis
1034 883 1271 946 adjecerit.
1292 884 1517 930 Protinus
1540 882 1679 929 Plau-

265 957 363 1004 tilla
388 976 600 1022 pannum
623 977 646 1004 a
673 959 780 1005 sinu
806 959 1035 1015 extraxit,
1062 976 1294 1024 roseoque
1315 958 1563 1023 perfusum
1581 976 1683 1004 san-

264 1037 406 1100 guine
433 1035 523 1081 illis
540 1036 764 1083 ostendit.
794 1035 866 1081 Illi
895 1046 1052 1083 autem
1076 1037 1228 1083 nimio
1251 1053 1425 1100 pavore
1444 1035 1679 1100 correpti,

267 1113 459 1159 concito
478 1130 638 1177 gressu
659 1114 890 1160 Caesarem
906 1113 1150 1170 adierunt,
1175 1124 1221 1161 et
1244 1130 1354 1178 quae
1377 1112 1594 1160 viderant
1610 1111 1684 1159 vel

267 1188 512 1236 audierant
543 1190 583 1237 ei
612 1190 970 1236 nuntiaverunt.
999 1189 1062 1236 At
1089 1189 1166 1237 ille
1195 1206 1304 1236 cum
1329 1189 1561 1246 audisset,
1586 1188 1685 1234 mi-

268 1276 396 1312 ratus
417 1278 485 1314 est
509 1267 758 1324 horrifice,
786 1278 833 1314 et
855 1267 1032 1332 ingenti
1059 1268 1290 1315 attonitus
1312 1283 1510 1331 pavore,
1537 1266 1687 1330 coepit

269 1342 326 1390 de
347 1342 417 1390 his
436 1361 543 1408 quae
565 1344 783 1390 nuntiata
808 1354 919 1390 sunt
942 1345 981 1391 ci
1008 1362 1116 1390 cum
1139 1342 1433 1408 philosophis
1459 1352 1684 1400 tractare,

270 1431 317 1467 ct
334 1422 495 1468 amicis
513 1440 565 1468 ac
586 1423 818 1469 ministris
840 1422 1135 1487 reipublicae.

335 1499 470 1545 Circa
497 1499 664 1547 horam
689 1518 892 1555 nonam,
919 1499 1033 1546 dum
1054 1500 1154 1546 haec
1175 1501 1377 1548 invicem
1397 1499 1689 1546 mirarentur

272 1587 320 1623 et
357 1594 513 1623 secum
549 1589 821 1642 quaererent
860 1587 999 1642 atque
1038 1576 1481 1634 confabularentur,
1519 1576 1689 1624 Paulus

273 1652 438 1699 clausis
456 1654 612 1717 januis
632 1654 787 1710 venit,
816 1664 861 1701 et
886 1664 1012 1700 stans
1036 1665 1144 1701 ante
1165 1654 1422 1711 Caesarem,
1449 1653 1571 1700 dixit
1597 1673 1608 1700 :
1647 1652 1690 1699 Ο

277 1729 450 1776 Coesar·
468 1731 598 1778 zVero
608 1769 623 1789 ,
658 1749 766 1778 ecce
788 1749 877 1795 ego
901 1731 1087 1778 Paulus
1112 1733 1238 1796 regis
1267 1731 1435 1776 ceterni
1456 1740 1500 1776 et
1527 1730 1693 1777 invicti

273 1808 435 1864 miles,·
470 1808 548 1855 vel
580 1827 708 1855 nunc
743 1809 880 1855 crede
913 1812 1027 1873 quia
1063 1827 1158 1855 non
1190 1827 1296 1855 sum
1330 1819 1568 1866 mortuus,
1606 1807 1694 1854 sed

275 1885 382 1930 vivo
420 1885 522 1931 Deo
558 1902 680 1932 meo.
721 1885 832 1930 Tibi
859 1897 1045 1941 autem,
1083 1887 1248 1943 miser,
1290 1884 1425 1931 mala
1459 1883 1692 1947 ineffabi-

277 1962 348 2008 lia
379 1964 625 2009 imminent
653 1981 747 2010 non
776 1975 889 2029 post
920 1964 1119 2009 multum
1153 1975 1360 2029 tempus,
1393 1963 1694 2008 maximum-

277 2057 368 2103 que
400 2040 719 2106 supplicium,
755 2053 799 2088 et
826 2053 1029 2088 (eternas
1062 2053 1206 2088 restat
1239 2043 1484 2096 interitas;
1514 2057 1607 2106 pro
1637 2056 1693 2086 eo

278 2117 412 2181 quod
435 2119 558 2165 inter
578 2130 753 2166 Cretera
769 2121 984 2186 pessima
1017 2137 1123 2183 quse
1135 2118 1335 2183 fecisti,
1362 2118 1564 2164 maltum
1580 2135 1694 2164 san-

277 2196 473 2259 guinem
498 2198 743 2261 justorum
779 2198 956 2263 injuste
986 2197 1220 2261 effudisti.
1252 2197 1366 2243 Haec
1395 2196 1581 2253 dicens,
1615 2214 1695 2243 re-

281 2283 423 2336 pente
462 2274 710 2338 disparuit.
754 2275 881 2322 Nero
921 2275 1179 2340 siquidem,
1222 2273 1293 2319 his
1333 2273 1531 2330 auditis,
1571 2272 1695 2319 ultra

282 2367 423 2414 quam
448 2350 538 2397 dici
565 2353 713 2414 possit
738 2353 910 2399 timore
931 2369 1176 2416 percussus
1200 2363 1294 2408 est,
1317 2361 1366 2399 et
1385 2351 1515 2398 velut
1536 2361 1697 2397 amens

283 2429 498 2484 effectus,
532 2429 778 2493 ignorabat
800 2430 914 2495 quid
939 2448 1073 2495 agere
1091 2431 1337 2494 potuisset.
1361 2429 1574 2476 Tandem
1595 2444 1696 2474 sua-

283 2503 503 2551 dentibus
524 2506 707 2562 amicis,
729 2507 869 2569 jussit
898 2507 1014 2554 solvi
1040 2507 1311 2554 Patroclum
1335 2516 1382 2553 et
1403 2503 1663 2551 Barnabam
1678 2538 1692 2561 ,

284 2581 490 2646 aliosque
515 2583 595 2646 qui
623 2584 767 2630 vincti
803 2583 992 2631 fuerant
1024 2602 1132 2630 cum
1166 2584 1273 2630 illis.
1307 2583 1551 2648 Longinus
1573 2598 1697 2647 quo-

285 2677 376 2724 que
392 2695 405 2716 ,
426 2661 633 2724 sociique
654 2663 751 2723 ejus
770 2698 780 2716 ,
803 2680 938 2709 manc
954 2699 965 2719 ,
989 2673 1041 2708 ut
1060 2662 1227 2708 Paulus
1249 2661 1338 2707 illis
1358 2660 1693 2714 constituerat,

285 2735 337 2780 :nd
372 2737 638 2800 sepulcrum
674 2740 768 2799 ojus
802 2749 1056 2796 venerunt,
1088 2739 1246 2803 ibique
1269 2737 1385 2785 duos
1410 2738 1537 2784 viros
1559 2751 1696 2784 oran-
