1738 3043
158 218 204 253 12
521 215 763 253 uls'mRIA
794 214 1194 254 ECCLESIASTICA.

156 295 290 341 annis
325 311 439 340 xxiii
481 295 693 358 regnavit
719 295 817 358 (1);
852 297 982 359 cujus
1019 301 1161 342 xvn1⁰
1193 313 1321 343 anno
1352 294 1566 343 Christus

154 373 366 436 passione
391 389 468 418 sua
494 373 727 418 mundum
750 372 966 420 redemit.
994 373 1106 419 Post
1135 383 1342 420 mortem
1371 373 1570 421 Herodis

155 450 393 513 Antipatri
437 449 720 497 Ascalonitae
767 450 916 514 prolis
932 486 944 507 ,
991 451 1072 515 qui
1117 467 1291 497 xxxnn
1340 450 1475 496 annis
1519 450 1570 497 in

155 526 314 571 Judaea
338 543 537 590 regnum
558 527 828 590 usurpavit,
850 524 1105 573 Archelaus
1125 526 1249 573 filius
1269 528 1366 590 ejus
1384 545 1414 573 x
1432 526 1568 573 annis

156 620 295 665 super
326 601 513 650 Judaeos
546 603 851 668 tyrannidem
880 603 1115 660 exercuit;
1151 605 1282 667 cujus
1314 619 1404 667 pro
1437 613 1570 650 metu

154 679 327 744 Joseph
339 716 352 738 ,
372 690 426 726 ut
442 680 696 727 Matthaeus
715 682 884 727 astruit
897 717 909 737 ,
930 692 1185 745 postquam
1200 680 1352 746 angeli
1363 682 1496 744 jussu
1513 680 1571 727 de

163 759 365 822 AEgypto
390 758 556 814 rediit,
583 776 692 805 cum
714 776 864 823 puero
889 769 935 805 ct
958 769 1107 805 matre
1132 760 1229 822 ejus
1255 760 1303 804 in
1327 758 1572 806 Galilaeam

155 836 362 892 secessit,
390 846 437 883 et
459 835 688 883 Nazareth
715 835 960 882 habitavit.
986 835 1240 883 Archelaus
1259 847 1417 884 autem
1440 854 1463 883 a
1487 837 1572 883 Ju-

156 912 295 969 daeis,
330 913 394 960 ob
421 912 770 961 intolerabilem
794 915 937 960 animi
966 914 1290 972 ferocitatem,
1317 914 1441 978 apud
1465 914 1573 961 Au-

155 1001 347 1054 gustum
370 991 672 1048 criminatus,
697 991 895 1048 decidit,
920 1003 967 1038 et
990 1003 1172 1038 aelerno
1195 992 1317 1055 apud
1336 992 1573 1039 Viennam

156 1066 323 1114 Galliae
350 1067 518 1116 urbem
553 1069 695 1116 exilio
724 1069 940 1132 disperiit
974 1070 1066 1133 (2).
1103 1071 1321 1134 Regnum
1349 1087 1464 1118 vero
1487 1070 1574 1116 Ju-

156 1146 271 1192 daeae
286 1182 299 1203 ,
328 1163 426 1211 quo
450 1148 608 1193 minus
636 1147 845 1192 validum
868 1147 1028 1203 fieret,
1062 1147 1290 1193 fratribus
1323 1149 1420 1211 ejus
1450 1148 1574 1195 idem

158 1225 396 1289 Augustus
419 1243 504 1289 per
528 1224 802 1272 tetrarchias
827 1224 1040 1272 scindere
1063 1226 1262 1272 curavit.
1289 1227 1441 1274 Porro
1458 1226 1576 1272 Pila-

158 1314 234 1349 tus
260 1312 348 1349 ,ἯιΟ
373 1321 501 1351 anno
527 1301 709 1351 Tiberii
738 1304 931 1350 Caesaris
956 1302 1168 1350 Judaeam
1186 1304 1378 1362 missus,
1403 1321 1577 1368 procu-

150 1380 392 1426 rationem
426 1380 578 1444 gentis
615 1380 849 1443 suscepit,
886 1390 933 1426 et
966 1379 1087 1425 inibi
1125 1398 1212 1443 per
1245 1397 1276 1426 x
1321 1380 1576 1428 continuos

159 1475 308 1505 annos
333 1475 481 1523 usque
502 1457 559 1503 ad
583 1458 735 1522 ipsum
761 1474 882 1521 pene
900 1457 1047 1505 finem
1070 1456 1251 1505 Tiberii
1280 1458 1572 1522 perduravit.

159 1536 366 1583 Herodes
383 1571 396 1593 ,
434 1534 678 1599 Philippus
727 1545 774 1582 et
822 1535 1044 1601 Lysanias
1058 1571 1071 1592 ,
1119 1545 1173 1581 ut
1212 1536 1360 1582 Lucas
1395 1535 1573 1593 refert,

161 1630 270 1658 cum
295 1613 378 1660 illo
400 1612 612 1659 Judaeam
634 1612 887 1677 regebant,
916 1612 1001 1659 filii
1021 1611 1221 1660 Herodis
1245 1613 1468 1671 senioriS,
1489 1610 1577 1660 sub

160 1708 258 1755 quo
279 1691 513 1738 Dominus
533 1701 670 1737 natus
694 1701 763 1738 est
782 1691 876 1755 (5).

227 1769 380 1816 Omne
406 1779 589 1833 tempus
606 1805 619 1826 ,
655 1786 753 1834 quo
788 1769 1022 1816 Dominus
1052 1779 1216 1816 noster
1239 1769 1288 1814 in
1323 1768 1463 1815 terris
1488 1767 1577 1814 do-

161 1846 308 1893 cuisse
329 1844 632 1903 describitur,
658 1846 782 1892 intra
801 1845 1101 1910 quadriennii
1122 1845 1267 1909 spatia
1287 1853 1574 1892 coarctatur.

163 1923 283 1969 Nam
328 1933 443 1969 tunc
463 1961 475 1982 ,
524 1934 579 1969 ut
618 1923 848 1987 Josephus
892 1921 1068 1979 refert,
1116 1921 1255 1968 Anna
1292 1919 1575 1979 deturbato,

160 1999 494 2064 pontificatum
530 2000 810 2048 Judaeorum
849 2018 935 2064 per
966 1999 1279 2047 successiones
1319 2009 1580 2047 tenuerunt

162 2077 359 2125 lsmahel
378 2078 502 2125 filius
520 2079 631 2124 Baffi
646 2114 660 2135 ,
686 2078 933 2125 Eleazarus
952 2078 1151 2124 Ananiae
1172 2077 1413 2141 pontificis
1433 2075 1576 2134 filius,

208 2302 258 2345 (ι)
284 2300 331 2334 Le
350 2301 461 2344 regne
476 2299 521 2334 de
540 2299 673 2334 Tiberc
687 2312 707 2333 a
725 2300 782 2333 e'te
799 2299 842 2333 de
858 2298 1077 2345 vingt-deux
1095 2309 1158 2332 ans
1171 2303 1209 2332 et
1225 2297 1377 2332 environ
1396 2303 1474 2344 sept
1489 2297 1581 2332 mois

163 2362 221 2408 (¹7
241 2360 328 2394 aosit
348 2359 454 2402 14-16
472 2371 566 2394 mars
583 2358 654 2407 35).
676 2361 724 2394 La
743 2365 839 2393 mort
863 2359 908 2393 de
926 2358 1175 2393 Jesus-Christ
1191 2358 1399 2405 appartient
1415 2370 1461 2392 au
1478 2358 1580 2405 prin—

166 2427 280 2467 temps
298 2420 343 2453 de
362 2418 406 2454 53
418 2447 428 2463 ,
447 2427 483 2454 et
502 2433 566 2466 par
585 2421 808 2466 consequent,
824 2421 841 2453 a
859 2418 891 2453 la
910 2418 1172 2453 dix-huitieme
1191 2419 1305 2453 annee
1318 2417 1364 2453 de
1381 2430 1422 2453 ce
1437 2418 1577 2465 prince.

208 2480 259 2523 (α)
284 2477 637 2514 Herode-le-Grand
664 2491 682 2511 a
700 2479 812 2524 regne
830 2483 1050 2524 trente-sept
1068 2488 1131 2511 ans
1152 2478 1172 2510 a
1190 2477 1306 2523 partit·
1321 2475 1366 2511 de
1382 2488 1448 2511 son
1463 2475 1579 2511 eleva-

165 2540 241 2573 tion
260 2550 303 2571 au
324 2538 429 2573 trono
454 2550 518 2584 par
537 2537 569 2572 le
586 2540 686 2572 senat
698 2565 706 2579 ‚
731 2544 768 2572 et
787 2544 1057 2584 trente-quatre
1075 2549 1138 2571 ans
1156 2536 1285 2584 depuis
1301 2536 1336 2571 la
1352 2543 1450 2571 mort
1465 2535 1579 2571 d’An-

167 2598 301 2642 ligone.
324 2596 351 2630 11
371 2604 425 2631 est
442 2603 539 2631 mort
556 2609 602 2631 cn
621 2596 688 2645 750
705 2596 751 2631 de
773 2596 899 2631 Rome.
921 2596 1122 2631 Archelaus
1140 2609 1158 2630 a
1177 2597 1289 2641 regne
1302 2595 1471 2643 jusqu'en
1488 2593 1576 2643 759,

165 2664 197 2687 ω
220 2669 284 2702 pai·
301 2658 524 2703 consequent
542 2656 602 2691 dix
622 2669 683 2691 ans
701 2658 938 2691 commences.

211 2714 260 2747 (35
288 2717 370 2750 Luc
397 2727 442 2749 in
461 2745 468 2750 ,
498 2730 522 2749 ι.
