1738 3043
591 182 742 221 LIBER
775 183 980 222 PRlMUS.
1448 183 1487 222 41

87 265 231 327 inferi
252 281 347 311 non
366 262 693 328 proevalebunt
728 262 954 308 adversus
992 280 1115 309 eam.
1153 264 1220 309 Et
1258 262 1343 308 tibi
1366 263 1495 308 dabo

86 340 241 389 claves
264 342 400 406 regni
418 339 646 387 coelorum
656 377 671 398 ,
695 351 738 385 et
757 341 1092 405 quodcumque
1113 342 1336 405 ligaveris
1355 358 1500 406 super

85 430 274 477 terram,
304 420 391 466 erit
417 419 620 483 ligatum
645 429 688 464 et
713 419 762 464 in
788 418 952 474 coelis,·
975 429 1019 464 et
1042 418 1375 484 quodcumque
1398 418 1497 465 sol-

85 500 200 544 veris
218 514 361 563 super
382 508 554 543 terram
567 533 583 554 ,
605 497 693 542 erit
709 495 916 543 solutum
935 506 978 541 ec
1005 496 1054 541 in
1075 496 1208 545 coelis
1231 495 1496 561 (1),Tunc

83 575 309 638 praecepit
362 573 603 638 discipulis
651 573 743 619 suis
794 584 848 619 ut
896 573 1077 620 nemini
1127 572 1341 620 dicerent
1388 574 1496 638 quia

83 652 180 715 ipse
203 662 321 699 esset
350 652 481 698 Jesus
518 649 749 716 Chffiistus.
787 650 974 698 Exinde
1007 651 1155 714 coepit
1179 650 1308 698 Jesus
1335 661 1498 698 osten-

80 727 191 776 dere
226 728 465 794 discipulis
499 729 592 775 suis
623 729 731 794 quia
768 738 1014 793 oporteret
1050 745 1159 775 eum
1201 728 1268 776 ire
1305 729 1495 776 Jeruso-

81 805 284 870 lymam,
313 816 361 853 et
389 806 537 852 multa
567 806 662 870 pati
688 823 711 851 a
736 805 1002 853 senioribus
1025 815 1072 853 et
1101 803 1268 851 scribis
1291 815 1338 852 et
1357 805 1498 869 prin-

82 884 266 948 cipibus
294 883 617 942 sacerdotum,
644 896 691 932 et
716 884 867 932 occidi
894 895 941 932 et
965 885 1104 932 tertia
1136 883 1212 931 die
1231 901 1492 948 resurgere.

80 959 334 1009 Assumens
356 979 464 1009 eum
489 963 655 1010 Petrus
683 966 957 1027 separatim,
993 962 1141 1026 coepit
1164 961 1300 1008 illurn
1326 962 1499 1009 affectu

81 1040 254 1086 amoris
285 1040 528 1105 increpare
544 1076 556 1097 ,
583 1040 742 1088 dicens
779 1061 788 1086 :
816 1041 960 1087 Absit
983 1059 1014 1087 a
1045 1051 1113 1099 te,
1142 1040 1379 1086 Domine!
1402 1057 1497 1085 non

83 1118 169 1162 erit
188 1117 274 1163 tibi
294 1117 399 1164 hoc.
427 1117 518 1178 Qui
545 1135 822 1176 conversus,
849 1118 970 1164 dixit
993 1118 1137 1165 Petro
1161 1138 1171 1163 :
1204 1117 1350 1164 Vade
1375 1128 1496 1163 retro

83 1211 173 1251 me,
204 1194 440 1240 Sathana.
470 1194 775 1242 Scandalum
792 1195 993 1254 mihies,
1024 1196 1140 1260 quia
1163 1213 1259 1242 non
1282 1196 1418 1260 sapis
1437 1212 1495 1242 ea

83 1289 192 1336 quse
208 1274 306 1319 Dei
319 1284 454 1329 sunt,
476 1274 564 1319 sed
580 1291 688 1338 quoe
706 1273 966 1320 hominum.
990 1274 1247 1338 Postquam
1261 1273 1495 1320 Dominus

81 1350 363 1414 mysterium
399 1368 494 1396 suae
533 1351 761 1414 passionis
795 1361 841 1398 et
866 1351 1230 1398 resurrectionis
1256 1348 1493 1406 ostendit,

81 1426 301 1474 hortatur
323 1444 401 1475 eos
434 1445 526 1474 una
562 1445 669 1474 cum
698 1427 838 1474 turba
874 1426 930 1474 ad
960 1426 1254 1493 sequendum
1279 1444 1374 1474 suae
1398 1444 1498 1491 pas-

79 1506 224 1553 sionis
261 1506 559 1570 exemplum,
596 1507 883 1571 promittens
919 1506 1048 1570 quod
1075 1523 1317 1571 perpessos
1343 1506 1497 1553 comi-

80 1593 211 1631 tetur
230 1585 486 1649 praemium
509 1585 600 1649 (2).

142 1662 254 1708 Post
287 1661 384 1709 dies
426 1680 534 1719 sex,
572 1662 820 1727 assumpsit
862 1663 1057 1709 Petrum
1091 1672 1138 1709 et
1169 1660 1400 1709 Jacohum
1446 1671 1494 1708 et

80 1737 311 1784 Joannem
339 1738 536 1785 fratrem
558 1740 654 1802 ejus
671 1774 684 1795 ‚
718 1748 766 1785 et
794 1738 931 1785 duxit
956 1738 1061 1787 illos
1082 1739 1132 1785 in
1155 1748 1373 1786 montem
1405 1755 1494 1785 ex-

81 1813 254 1861 celsum
293 1831 533 1871 seorsum,
574 1825 622 1861 et
655 1815 1015 1880 transfiguratus
1051 1825 1120 1863 est
1156 1826 1266 1863 ante
1295 1832 1390 1864 eos.
1430 1815 1495 1861 Et

80 1889 373 1953 resplenduit
408 1890 547 1937 facies
581 1893 678 1952 ejus
715 1891 837 1936 sicut
876 1891 979 1947 sol,
1016 1892 1296 1938 vestimenta
1336 1901 1494 1938 autem

79 1968 176 2029 ejus
197 1966 317 2012 facta
334 1976 445 2013 sunt
462 1965 564 2012 alba
585 1966 706 2012 sicut
722 1967 823 2012 nix.
849 1968 912 2013 Et
930 1984 1035 2014 ecce
1053 1977 1378 2034 apparuerunt
1403 1967 1493 2013 illis

80 2043 261 2107 Moyses
298 2054 346 2092 et
379 2043 559 2100 Helias,
599 2061 708 2090 cum
743 2061 799 2092 eo
831 2044 1103 2109 loquentes;
1133 2055 1180 2092 et
1214 2061 1319 2092 ecce
1341 2044 1492 2093 nubes

76 2120 228 2167 lucida
252 2120 559 2169 obumbravit
580 2138 675 2169 eos.
697 2121 762 2168 Et
785 2138 891 2169 ecce
915 2139 1009 2170 vox
1031 2122 1088 2170 de
1111 2121 1240 2170 nube
1255 2159 1268 2180 ‚
1294 2124 1454 2171 dicens
1479 2143 1489 2169 :

76 2198 176 2244 Hic
197 2209 265 2246 est
271 2199 416 2264 filius
437 2217 569 2246 meus
604 2200 807 2247 dilectus
817 2237 833 2258 ,
872 2203 922 2247 in
946 2217 1040 2264 quo
1070 2200 1192 2247 mz'lzi
1223 2200 1336 2248 bene
1359 2219 1494 2248 com-

70 2277 273 2343 placui;
297 2280 455 2344 zpsum
477 2278 660 2326 audite.
694 2277 952 2346 Audientes
974 2278 1193 2343 discipuli
1220 2278 1494 2326 ceciderunt

76 2356 125 2402 in
154 2355 322 2404 faciem
347 2374 480 2404 suam
515 2366 562 2404 et
595 2357 862 2404 timuerunt
882 2356 1032 2404 valde.
1060 2357 1126 2403 Et
1149 2357 1340 2405 accessit
1360 2357 1492 2404 Jesus

76 2442 123 2479 et
157 2433 314 2498 tetigit
348 2450 456 2492 θος,
492 2432 706 2498 dixitque
742 2433 799 2480 ad
831 2450 909 2480 eos
948 2454 957 2479 :
1000 2433 1223 2498 Surgz'te,
1266 2444 1311 2480 et
1344 2433 1490 2480 nolite

120 2628 170 2673 (ι)
195 2627 325 2663 Matth.
364 2640 442 2671 xvi,
486 2625 610 2675 13-193
642 2628 752 2663 Marc.
790 2639 875 2669 vin,
917 2638 1051 2676 27-29·‚
1089 2629 1174 2662 Luc.
1209 2640 1262 2671 ix,
1301 2628 1418 2664 18-20.
1448 2646 1488 2651 —-

77 2685 126 2728 (Ἰ)
146 2685 274 2721 Matth.
296 2698 374 2731 xv1,
396 2686 523 2730 20-283
544 2686 655 2721 Marc.
677 2697 759 2729 vin,
783 2683 912 2732 30-59;
934 2686 1017 2722 Luc.
1041 2699 1088 2730 ix,
1111 2698 1232 2733 21-27.
