1738 3043
534 263 688 302 LIBER
715 263 995 302 SECUNDUS.
1406 265 1479 305 341

59 339 298 388 habebant
316 377 329 397 ‚
358 359 413 388 cx
446 341 622 406 quibus
647 340 951 406 presbyteros
980 351 1027 388 et
1056 341 1277 390 diacones
1312 352 1360 390 et
1388 342 1485 390 cle-

58 420 182 466 ricos
207 420 253 465 in
275 420 481 466 ecclesiis
501 418 807 467 ordinabant.

124 496 192 544 lbi
215 497 308 544 filia
337 497 555 544 ditissimi
582 509 779 562 satrapae
810 509 1036 563 corrupta
1061 501 1333 564 parturiens
1352 499 1485 565 peri-

59 574 331 633 clitabatur,
368 586 415 623 et
438 576 720 623 Eustosinus
749 574 975 623 diaconus
998 576 1055 624 dc
1090 577 1254 625 incesti
1281 579 1485 626 crimine

61 653 395 718 impetebatur.
419 656 520 702 IIoc
541 653 784 700 audientes
808 654 1009 719 apostoli
1028 691 1040 711 ‚
1057 657 1302 719 jusserunt
1321 674 1486 721 paren·

59 740 127 778 tes
146 731 316 795 puellae
342 742 388 779 et
412 731 661 779 diaconem
685 730 865 789 adesse,
887 742 935 779 ct
963 731 1196 780 infantem
1213 769 1226 790 ‚
1249 735 1332 799 qui
1360 736 1486 798 ejus-

58 807 164 855 dcm
196 808 287 856 diei
316 808 430 857 hora
453 810 606 874 prima
630 821 768 856 natus
794 820 889 867 est,
920 809 1115 858 deferri.
1144 811 1360 877 Cumque
1387 814 1486 877 jus-

59 886 225 934 sissent
258 886 430 934 infanti
463 898 518 934 ut
551 887 848 952 loqueretur,
885 888 963 935 ille
998 887 1351 937 absolutissimo
1387 908 1487 938 ser-

58 981 202 1011 mone
228 965 294 1011 ait
315 983 324 1008 :
349 965 450 1011 Hic
475 965 714 1012 diac-onas
738 967 818 1012 vir
839 977 1037 1012 sanctus
1062 978 1106 1013 et
1130 978 1292 1014 castus
1318 979 1411 1026 est,
1445 980 1488 1015 ec

59 1060 307 1108 nunquam
339 1044 608 1108 inquinavit
637 1061 831 1090 carnem
856 1061 1015 1091 sicam.
1049 1046 1267 1111 Cumque
1295 1047 1486 1095 insiste-

59 1131 169 1168 rent
200 1131 418 1185 parentes
454 1131 507 1167 ut
535 1121 592 1168 dc
624 1139 824 1185 persona
857 1123 1022 1170 incesti
1058 1134 1483 1192 percunctaretur,

60 1199 261 1263 apostoli
296 1199 526 1247 dixerunt
562 1221 572 1245 :
607 1199 713 1246 ZVos
747 1201 1022 1247 innocentes
1055 1201 1299 1250 absolvere
1321 1202 1483 1261 decet,

61 1290 282 1326 nocentes
303 1298 416 1326 vero
434 1279 642 1345 prodere
663 1297 758 1325 non
789 1279 941 1327 decet.

126 1355 390 1414 Nicharon‚
413 1358 590 1403 amicus
614 1357 759 1422 regis,
780 1355 894 1403 dum
926 1358 1207 1404 exercitium
1237 1357 1351 1405 belli
1376 1377 1487 1425 age-

61 1445 213 1492 retur,
236 1428 454 1500 sagittam
479 1435 526 1480 in
553 1452 679 1499 genu
703 1435 909 1498 accepit,
931 1453 1040 1500 quae
1065 1435 1196 1482 nulla
1223 1437 1411 1484 ratione
1430 1454 1487 1484 ex

62 1529 163 1559 osse
186 1521 374 1576 poterat
401 1511 555 1559 evelli.
581 1512 720 1558 Tunc
744 1510 908 1559 beatus
933 1512 1099 1560 Simon
1124 1514 1387 1561 Dominum
1410 1515 1490 1561 Je-

63 1607 166 1635 sum
190 1589 452 1647 invocavit,
482 1600 528 1636 et
550 1607 661 1637 mox
688 1599 742 1635 ut
765 1607 961 1636 manum
986 1590 1245 1655 applicuit,
1273 1592 1492 1656 sagittam

63 1665 260 1713 abstulit
283 1678 425 1732 atque
449 1667 609 1713 statim
635 1665 782 1714 homo
806 1677 994 1715 sanatus
1014 1678 1108 1727 est3
1134 1669 1196 1715 ita
1217 1679 1272 1714 ut
1292 1686 1380 1717 nec
1399 1670 1490 1735 sig-

64 1763 181 1791 num
204 1745 414 1792 rulneris
437 1757 687 1809 appareret
711 1746 803 1809 (1).

128 1823 245 1870 Duze
278 1823 471 1887 tigrides
507 1823 815 1870 ferocissimae
849 1823 908 1870 de
938 1824 1135 1889 singulis
1166 1825 1317 1872 caveis
1350 1825 1491 1891 fuge—

64 1911 206 1958 runt,
234 1911 281 1947 et
312 1901 546 1966 quidquid
574 1901 788 1948 invenire
819 1912 1044 1965 poterant
1077 1901 1305 1950 devorare
1331 1920 1490 1968 coepe-

65 1991 196 2027 runt.
222 1980 360 2026 Tunc
385 1981 542 2027 omnis
566 1980 773 2044 populus
797 1980 853 2026 ad
874 1980 1115 2045 apostolos
1140 1980 1224 2028 Dei
1249 1981 1486 2047 confugit.

64 2056 281 2122 Apostoli
317 2074 429 2103 vero
465 2073 643 2104 nomen
673 2057 868 2104 Domini
895 2057 1004 2104 Jesu
1037 2058 1408 2116 invocaverunt,
1444 2069 1492 2106 et

66 2135 180 2183 serae
193 2172 204 2193 ‚
224 2153 332 2201 quae
349 2153 595 2200 nunquam
619 2153 944 2183 mansuescere
967 2147 1314 2183 consueverant
1327 2171 1340 2193 ,
1358 2138 1489 2202 quasi

66 2215 173 2280 agni
199 2215 336 2261 mites
361 2213 497 2261 sactae
516 2224 645 2260 sunt.
670 2212 850 2260 Diebus
869 2213 1102 2278 siquidem
1122 2223 1176 2260 ut
1194 2231 1305 2261 oves
1326 2214 1374 2260 in
1397 2232 1494 2262 me-

68 2292 147 2340 dio
184 2293 348 2358 populi
387 2290 782 2349 commanebant,
819 2309 1010 2356 vespere
1041 2309 1155 2339 vero
1189 2293 1240 2338 in
1273 2292 1492 2340 cellulam

70 2371 395 2435 apostolorum
422 2368 721 2426 remeabant;
744 2380 791 2416 et
814 2369 1040 2434 apostolis
1063 2369 1120 2416 ad
1144 2369 1255 2416 alias
1279 2371 1491 2418 civitates

71 2448 408 2513 inigrantib11S‚
439 2449 549 2512 ipsae
588 2445 843 2494 habitaculi
881 2465 1048 2495 eorum
1083 2447 1298 2496 custodes
1336 2459 1487 2496 erant.

72 2525 196 2572 Almi
230 2544 342 2591 ergo
367 2525 702 2591 praedicatores
726 2526 974 2573 materiam
1008 2523 1117 2572 inde
1139 2524 1489 2573 sermocinandi

121 2784 166 2812 {1'
195 2781 245 2812 (ἴτ’
267 2780 491 2828 paragrapho
512 2781 658 2816 n'cxisu·
682 2791 742 2827 pas
767 2778 854 2814 dans
875 2778 906 2814 lc
927 2780 1009 2814 lanx
1030 2777 1163 2814 Abdias
