1738 3043
229 236 234 243 ‘
254 235 304 270 '70
592 230 829 268 lllSTORlA
861 229 1261 269 ECCLESIASTICA.

227 311 322 367 dit,
345 320 393 356 ct
414 326 578 356 omncs
606 308 863 374 Evangelio
885 309 966 356 Dei
1001 309 1192 358 edoctos
1224 320 1271 357 et
1293 329 1318 356 a
1340 309 1478 358 beato
1501 311 1632 359 Mar-

231 388 337 434 tialc
369 386 630 451 baptizatos
663 405 758 434 esse
787 386 988 443 audivit,
1020 386 1272 435 admodum
1306 387 1441 436 laetus
1463 390 1633 454 gratias

225 483 390 529 agens,
427 465 692 511 Dominum
726 463 982 512 benedixit.
1024 465 1253 528 Apostolo
1284 465 1483 513 sollicite
1521 483 1633 530 per—

226 542 469 588 cunctanti
490 541 547 589 de
570 540 784 589 moribus
807 552 853 589 et
875 542 1020 607 gratia
1046 542 1115 588 vel
1142 542 1498 590 conversatione
1516 559 1636 606 prae-

227 620 311 666 sati
337 620 584 677 antistitis,
621 619 818 667 devotus
848 619 941 666 dux
968 620 1115 666 multa
1146 619 1350 685 benigne
1377 620 1543 668 retulit
1576 619 1635 667 de

226 697 485 744 virtutibus
502 700 597 762 ejus
619 707 665 745 ct
688 697 939 762 prodigiiS,
962 708 1010 745 ct
1029 697 1084 744 dc
1105 698 1413 745 conversione
1435 697 1636 762 populo·

226 795 335 823 rum
359 777 413 822 ad
437 776 623 824 sontem
647 777 1038 823 concurrentium
1061 777 1173 822 sacri
1200 776 1510 840 baptismatis.

292 856 547 920 Postquam
576 854 672 901 dux
704 853 762 899 al)
795 854 1009 917 apostolo
1036 871 1124 918 pro
1150 854 1376 901 ell'usione
1399 852 1638 917 sanguinis

230 933 498 980 innocentis
541 932 743 979 Valeriae
791 930 1138 979 absolutionem
1186 931 1454 995 promeruit
1473 966 1487 990 ,
1535 931 1637 976 auri

227 1009 370 1056 libras
398 1010 645 1066 ducentas,
677 1027 791 1074 quas
824 1027 847 1054 a
878 1008 1069 1056 Nerone
1096 1010 1380 1073 imperatore
1411 1008 1541 1057 dono
1567 1025 1641 1054 ac-

232 1098 440 1152 ceperat,
477 1088 516 1134 ci
550 1086 744 1135 obtulit.
783 1087 872 1134 Sed
903 1087 981 1133 ille
1009 1085 1161 1134 eidem
1188 1085 1294 1132 duci
1329 1085 1559 1150 praecepit
1590 1094 1646 1131 ut

232 1175 549 1212 memoratum
574 1182 743 1210 aurum
767 1175 930 1211 sancto
950 1163 1138 1229 praesuli
1164 1163 1392 1220 deferret,
1417 1172 1472 1209 ut
1492 1161 1646 1210 eccle-

235 1243 322 1289 sias
347 1242 454 1290 inde
479 1252 806 1299 construeret,
832 1241 904 1288 xel
929 1240 1213 1306 pauperibus
1236 1249 1468 1305 erogaret.
1495 1239 1646 1287 Deni-

234 1336 326 1384 que
355 1329 541 1383 accepta
567 1318 899 1365 benedictione
933 1318 1160 1381 apostoli,
1188 1318 1366 1381 pariter
1398 1317 1447 1363 in
1476 1315 1648 1363 Gallias

231 1398 404 1444 reversi
439 1407 574 1453 sunt,
611 1395 925 1460 consultuque
956 1394 1088 1441 ducis
1119 1395 1395 1460 priusquam
1425 1393 1647 1458 proprios

236 1474 352 1519 lares
388 1473 669 1528 rexisereut,
707 1488 1011 1518 communem
1040 1481 1297 1534 patronum
1330 1469 1643 1534 repetierunt.

236 1551 451 1614 Cumque
470 1549 523 1595 ad
544 1549 781 1613 quoddam
805 1549 1028 1612 palatium
1049 1549 1200 1613 regale
1221 1547 1451 1595 vocabulo
1466 1548 1649 1595 Jocun-

239 1629 419 1673 ciaenm
440 1627 675 1673 venissent
695 1627 782 1689 (1),
811 1626 1015 1672 tentoria
1036 1635 1082 1672 et
1099 1625 1358 1690 papiliones
1376 1642 1517 1689 super
1531 1626 1650 1672 Vin-

241 1721 439 1751 zcnnam
474 1703 672 1748 fluvium
710 1703 780 1765 (2)
819 1702 1043 1749 fixerunt.
1086 1702 1177 1763 Qui
1211 1701 1326 1748 dum
1355 1701 1509 1749 calore
1542 1701 1652 1749 solis

241 1791 492 1827 aestuantes
513 1779 569 1826 ad
595 1779 790 1825 ssuvium
813 1780 960 1835 irent,
983 1790 1037 1825 ut
1057 1779 1275 1827 ardorem
1291 1779 1431 1826 simul
1447 1789 1494 1827 et
1516 1779 1655 1827 sudo-

241 1877 341 1906 rem
360 1858 650 1914 devitarent,
673 1856 999 1915 Hildebertus,
1025 1856 1246 1904 Archadii
1270 1857 1554 1905 Pictavensis
1578 1873 1656 1906 co-
1705 1887 1710 1899 ι

241 1938 370 1984 mitis
396 1937 519 1983 filius
535 1972 548 1993 ,
575 1935 631 1982 ad
654 1936 814 1983 locum
838 1936 919 2001 qui
944 1936 1168 1982 Garricus
1192 1936 1261 1999 (3)
1283 1934 1475 1993 dicitur,
1502 1936 1650 1992 venit,

245 2015 405 2080 ibique
424 2034 446 2061 a
465 2015 656 2062 diabolo
676 2015 931 2061 suffocatus
950 2014 1155 2071 interiit,
1177 2023 1223 2060 et
1242 2013 1398 2060 omnis
1421 2013 1652 2060 exercitus
1696 2034 1708 2061 ῖ

245 2092 438 2139 cadaver
474 2094 571 2156 ejus
603 2109 821 2156 quaerens
854 2108 952 2138 non
988 2090 1186 2137 invenit.
1222 2090 1360 2136 Tunc
1394 2087 1653 2136 Archadius

289 2259 338 2302 (ι)
365 2257 414 2290 Μ.
435 2256 597 2291 Maurice
613 2255 770 2298 Ardent,
789 2254 835 2290 de
853 2255 1036 2303 Limoges,
1060 2257 1123 2303 qui
1140 2269 1159 2290 a
1179 2255 1265 2291 bien
1281 2255 1390 2291 voulu
1406 2266 1497 2291 nous
1509 2255 1652 2290 assistet·

244 2315 288 2349 de
314 2328 367 2349 scs
387 2316 699 2361 renseignements
717 2326 779 2348 sur
797 2314 846 2348 les
870 2314 965 2348 lieux
989 2315 1078 2349 cites
1102 2314 1191 2350 dans
1215 2321 1308 2350 cette
1325 2314 1498 2363 legende,
1518 2326 1649 2362 pense,

243 2387 327 2407 avc-c
348 2374 395 2407 Μ.
418 2373 525 2408 ΑΙΙοιι
550 2380 587 2407 et
611 2373 643 2407 le
670 2374 755 2419 pere
777 2373 1024 2409 {sonat-entare
1047 2374 1092 2409 de
1119 2374 1415 2418 Saint-Asnable,
1435 2373 1523 2422 qu’il
1547 2373 1652 2421 s’agit

243 2433 288 2466 ici
308 2432 353 2466 de
372 2432 404 2466 la
422 2443 614 2465 commune
635 2431 683 2466 du
702 2431 836 2475 Palais,
857 2445 901 2466 au
919 2432 1011 2468 bord
1029 2432 1120 2468 dela
1135 2434 1295 2478 Vienne,
1315 2435 1334 2469 ὲ
1353 2445 1423 2468 une
1435 2432 1531 2468 lieue
1548 2433 1649 2468 envi-

246 2503 311 2525 rou
331 2503 375 2524 en
394 2497 518 2524 arnont
535 2489 579 2524 dc
602 2491 778 2537 Limoges.

289 2551 340 2596 (2)
367 2551 413 2584 La
434 2550 591 2585 Yienne.

290 2606 339 2654 (3)
364 2608 514 2642 Suivant
542 2608 587 2642 M.
616 2608 775 2642 Maurice
803 2607 965 2650 Ardent,
996 2607 1021 2642 il
1048 2608 1231 2642 existerait
1258 2618 1388 2642 encore
1416 2606 1648 2653 aujourd’hui

246 2667 335 2701 dans
353 2666 384 2700 la
406 2666 426 2699 Χ
443 2666 565 2708 ienne,
586 2668 603 2699 a
628 2679 698 2712 peu
724 2666 768 2701 dc
792 2665 952 2701 distance
976 2665 1020 2700 de
1044 2665 1180 2713 l'eglise
1206 2665 1254 2700 du
1278 2665 1410 2709 Paleis,
1437 2677 1487 2701 un
1513 2664 1649 2713 gouffre

247 2738 364 2761 connu
383 2737 466 2760 sous
484 2724 515 2759 le
537 2737 619 2760 nom
639 2725 684 2760 dc
709 2725 840 2760 Gourd
854 2725 899 2759 de
923 2726 1064 2759 Gar-ric.
