1738 3043
252 254 327 289 218
614 248 853 288 lus'somA
885 249 1286 288 ECCLESIASTICA.

254 328 485 376 custodias
505 345 650 392 usque
667 329 722 374 ad
745 338 931 393 portam
952 328 1153 375 ferream
1167 364 1180 385 ,
1212 346 1319 393 quae
1347 328 1476 376 ultro
1498 341 1657 394 aperta

252 416 322 454 est
352 407 443 460 eis,
478 405 798 468 pertransivit.
847 405 957 451 Haec
999 406 1046 451 in
1092 405 1270 451 somnis
1312 404 1413 452 fieri
1455 407 1655 470 putavit.

254 483 533 530 Discedente
545 483 728 547 angelo,
748 484 796 529 in
814 500 859 529 se
878 500 1089 530 reversus
1106 483 1172 530 rei
1184 483 1431 530 veritatem
1447 484 1657 548 agnovit,

253 572 298 608 et
319 579 407 626 pro
426 562 670 626 ereptione
689 561 758 607 sui
789 578 874 608 suo
898 560 1138 608 liberatori
1172 562 1346 626 gratias
1368 562 1466 627 egit
1485 562 1580 626 (ι).

318 638 391 684 Ad
429 638 627 695 fratres,
660 639 741 702 qui
785 638 832 684 in
871 637 1015 685 domo
1053 638 1216 685 Mariae
1257 638 1420 684 matris
1465 638 1661 686 Joaunis

254 716 538 782 cognomine
558 716 701 762 Marci
728 715 997 780 congregati
1016 725 1175 771 erant,
1203 716 1337 761 venit
1353 750 1366 772 ,
1386 731 1536 780 eoque
1553 715 1662 779 pul-

253 804 384 842 sante
427 795 602 841 ostium
650 793 780 840 Rode
827 793 980 857 puella
1020 793 1077 839 ad
1110 791 1367 840 videndum
1414 793 1659 857 processit.

254 873 454 937 Cognita
497 889 611 920 vcro
651 889 765 919 voce
801 872 957 928 Petri,
996 888 1095 934 prae
1126 869 1298 934 gaudio
1333 872 1528 934 januam
1563 886 1662 917 non

253 952 439 1016 aperuit
456 987 469 1008 ‚
503 950 582 998 sed
608 951 935 998 introcurrens
952 985 967 1006 ,
996 959 1117 995 stare
1140 949 1335 995 Petrum
1363 966 1453 1012 pro
1478 947 1664 997 foribus

254 1030 511 1076 nuntiavit.
542 1028 755 1076 Tandem
785 1029 1042 1093 ingressus,
1074 1026 1381 1091 obstupentes
1409 1026 1664 1090 discipulos

253 1105 570 1162 confortavit,
616 1117 662 1152 ct
700 1105 903 1170 qualiter
946 1121 1053 1151 eum
1093 1103 1151 1151 de
1200 1120 1384 1151 carcere
1430 1104 1665 1150 Dominus

254 1184 487 1232 eduxisset
521 1185 784 1241 enarravit,
822 1199 1124 1248 egressusque
1153 1182 1406 1229 confestim
1438 1182 1487 1230 in
1521 1182 1666 1229 alium

254 1260 415 1308 locum
447 1261 648 1308 secessit.
689 1260 868 1308 Deinde
900 1261 1065 1325 ingens
1095 1258 1305 1306 turbatio
1339 1259 1466 1306 inter
1494 1258 1666 1306 milites

255 1337 311 1384 de
335 1338 478 1387 Petro
501 1338 622 1384 facta
653 1348 746 1394 est,
784 1355 935 1403 eoque
970 1354 1070 1385 non
1110 1346 1300 1401 reperto
1337 1335 1545 1383 Herodes
1583 1353 1665 1384 rex

256 1416 530 1464 custodibus
570 1417 773 1462 nimium
811 1417 955 1462 iratus
987 1426 1073 1463 est.
1107 1416 1241 1480 Regis
1266 1433 1380 1463 vero
1412 1414 1594 1461 facinus
1618 1414 1666 1460 in

252 1494 490 1557 apostolos
516 1504 843 1558 perpetratum
867 1493 1147 1540 dilationem
1170 1510 1271 1540 non
1304 1493 1487 1557 patitur
1518 1492 1669 1541 ultio-

255 1572 353 1628 nis;
397 1571 475 1619 sed
512 1573 744 1618 continuo
780 1570 952 1618 vindex
987 1570 1116 1618 adest
1147 1571 1336 1619 dextera
1374 1571 1665 1629 divinitatis,

255 1650 377 1695 sicut
402 1650 548 1695 Lucas
573 1648 738 1696 edocet
765 1649 811 1694 in
840 1647 1037 1694 Actibus
1069 1648 1420 1712 apostolorum,
1460 1658 1508 1695 et
1536 1648 1669 1695 Jose-

255 1727 376 1790 phus
407 1728 454 1772 in
487 1727 808 1774 nonodecimo
843 1725 967 1773 libro
1005 1726 1377 1791 Antiquitatum.
1411 1725 1532 1772 Nam
1560 1743 1669 1772 cum

256 1806 540 1858 Caesaream,
576 1820 684 1867 quae
719 1804 899 1867 Pyrgus
937 1803 1174 1849 Stratonis
1209 1803 1341 1865 prius
1379 1800 1666 1858 vocabatur,

256 1880 594 1937 descendisset,
621 1892 669 1927 et
693 1881 742 1926 in
768 1880 844 1927 die
866 1880 1064 1927 solemni
1092 1897 1202 1926 cum
1229 1881 1278 1926 in
1303 1879 1539 1927 honorem
1564 1880 1670 1926 Cae-

257 1958 368 2004 saris
393 1957 655 2022 spectacula
675 1956 858 2003 civibus
879 1956 1062 2014 ederet,
1083 1956 1310 2021 praeclara
1327 1967 1453 2004 veste
1475 1974 1531 2004 ex
1553 1972 1670 2003 auro

256 2046 548 2100 argentoque
571 2035 855 2082 mirabiliter
879 2044 1100 2082 contexta
1125 2034 1317 2081 indutus
1346 2034 1403 2081 ad
1433 2033 1671 2082 theatrum

256 2115 582 2178 processisset,
617 2132 668 2160 ac
695 2131 785 2178 pro
820 2112 1051 2159 tribunali
1084 2111 1392 2169 consedisset,
1421 2113 1558 2178 eique
1578 2128 1671 2176 po-

258 2192 396 2255 pujus
430 2192 735 2239 concionanti
761 2191 817 2238 de
849 2190 1066 2252 sublimi,
1092 2191 1191 2246 dei,
1227 2208 1325 2237 non
1351 2189 1558 2239 hominis
1583 2207 1671 2237 vo-

259 2287 360 2316 cem
411 2270 719 2326 acclamaret,
767 2270 925 2315 statim
975 2269 1165 2334 angelus
1209 2269 1402 2316 Domini
1443 2269 1672 2334 percussit

259 2363 392 2402 eum,
433 2364 488 2391 co
520 2346 649 2409 quod
681 2346 881 2409 gloriam
914 2347 1018 2392 Deo
1052 2364 1149 2392 non
1176 2346 1383 2402 dederit,
1416 2357 1463 2394 et
1492 2355 1670 2392 scatens

261 2422 498 2469 vermibus
522 2433 629 2486 post
648 2424 860 2488 quinque
880 2424 976 2470 dies
996 2424 1225 2489 expiravit
1253 2425 1343 2488 (2).

306 2639 357 2682 (ι)
387 2639 468 2671 Act.
488 2644 606 2682 aptast.
630 2650 672 2671 xii
687 2666 695 2678 ,
716 2637 810 2673 '‘j-1¹1..
832 2641 918 2682 (44.)

307 2698 358 2740 (τι.)
386 2697 479 2731 llud.
515 2710 556 2730 xii
577 2725 584 2737 ‚
628 2696 744 2731 13-23.
781 2700 823 2731 La
858 2706 953 2732 niort.
985 2699 1167 2733 ‹l'llcrodc
1201 2700 1357 2745 Agrippa
1393 2699 1508 2733 arriva
1540 2697 1666 2732 certai-

266 2764 407 2790 nvmmit
429 2770 470 2790 ι-ιι
500 2759 551 2797 Η.
579 2770 645 2802 χιι-ιι
664 2759 766 2803 apri*
786 2757 813 2791 la
836 2757 1036 2792 ‹l‹··li·.›ran‹-‹·
1057 2758 1291 2792 mii-aculeus·-
1313 2758 1356 2791 «lv
1375 2758 1467 2792 saint
1487 2758 1619 2791 Picrrc.
