1738 3043
644 216 795 255 LIBER
827 217 1032 257 PRIMUS.
1497 224 1548 259 (55

131 298 211 344 lez·
225 297 401 362 pendet
418 308 462 343 et
473 296 738 362 prophetae.
762 297 1088 361 lutei-rogatos
1106 298 1162 345 dc
1182 297 1393 357 Christo,
1417 303 1549 363 cujus

131 385 250 423 esset
286 374 436 430 filius,
463 372 755 429 confutavit,
785 384 830 420 et
855 373 1099 420 Christum
1125 375 1271 422 David
1295 375 1548 424 dominum

130 453 472 509 manifestavit,
494 462 539 499 et
561 452 651 498 inis
668 451 912 498 silentium
935 452 1023 499 talc
1045 453 1297 517 imposuit,
1322 466 1375 501 ut
1391 456 1550 503 nullus

131 529 325 577 auderet
354 547 463 576 eum
487 546 544 576 ex
571 528 647 574 illa
676 528 751 574 die
782 528 983 592 amplius
1009 528 1327 594 interrogare3
1356 531 1434 579 sed
1452 535 1551 596 jam

131 618 290 672 aperte
315 608 587 654 niterentur
606 623 818 653 romanae
839 607 1059 671 potestati
1084 608 1267 656 tradere
1296 611 1386 674 (ι).
1413 612 1552 658 Tunc

131 686 260 732 Jesus
278 683 334 730 ad
358 682 517 730 turbas
533 719 545 739 ,
569 683 919 748 discipulosque
937 701 1044 731 suos
1061 684 1249 732 locutus
1272 696 1342 732 est
1362 708 1371 732 ;
1397 687 1557 753 Super

133 762 413 809 cathedram.
429 762 595 825 Aonsi
609 762 832 808 sederunt
851 761 1022 808 scriba»
1040 774 1083 808 et
1094 762 1348 828 pharisoei.
1378 764 1555 812 Omnia

133 856 242 904 ergo
266 857 580 903 qua-cumque
604 839 816 885 dixerint
837 838 977 885 vobis
990 876 1003 897 ,
1022 852 1202 887 servate
1221 851 1265 887 et
1266 842 1455 904 jacite,·
1480 861 1556 889 se-

131 917 342 965 cundum
367 935 480 964 vero
501 935 648 984 opera
672 936 835 965 eorum
858 917 1005 964 nolite
1012 916 1207 982 facere.
1226 920 1412 967 Dicunt
1431 923 1555 968 enim

132 1006 176 1041 et
193 1013 290 1042 non
297 996 510 1054 faciunt.
540 997 589 1041 A
592 995 767 1060 lligant
789 1007 950 1042 autem
965 1013 1109 1042 onera
1125 998 1299 1061 gravia
1317 1009 1361 1045 et
1378 1001 1558 1064 impor-

133 1073 323 1129 tabilia,
338 1085 381 1120 et
393 1075 644 1139 imponunt
655 1076 702 1120 in
716 1074 936 1121 humeros
948 1074 1217 1130 lzominum5
1230 1075 1386 1140 digito
1399 1089 1559 1123 autem

132 1169 218 1196 suo
245 1150 414 1197 nolunt
436 1169 492 1197 ea
514 1169 711 1199 movere.
743 1151 922 1198 Omnia
945 1168 1059 1198 ‘vero
1079 1169 1228 1217 opera
1252 1171 1342 1199 sua
1353 1154 1561 1216 faciunt

135 1240 184 1274 ut
204 1228 465 1276 videantur
475 1230 537 1276 ab
557 1230 848 1277 hominibus.
873 1230 1099 1276 Dilatant
1113 1232 1237 1277 enim
1247 1231 1561 1297 ply·lac·te1·t'a

132 1324 223 1352 sua
258 1317 302 1352 et
342 1307 658 1371 magnificant
677 1307 925 1372 fimbrias.
963 1308 1149 1355 Amant
1180 1320 1343 1354 autem
1374 1311 1560 1374 primos

132 1383 370 1431 recubitus
405 1387 453 1430 in
484 1386 658 1442 coenis,
687 1396 731 1431 et
756 1386 945 1451 primas
976 1385 1233 1432 cathedras
1265 1387 1316 1432 in
1346 1405 1560 1451 synago-

127 1462 234 1526 gis,
271 1473 315 1508 et
340 1462 655 1509 salutationes
680 1464 731 1508 in
744 1461 894 1527 soro,
924 1473 968 1509 et
993 1465 1170 1510 vocari
1191 1464 1253 1511 ab
1285 1464 1559 1513 hominibus

131 1539 309 1586 Rabbi.
340 1541 444 1587 Vos
464 1551 628 1587 autem
645 1541 793 1588 nolite
810 1543 984 1588 vocari
999 1542 1183 1599 Babba>
1206 1562 1328 1590 unus
1346 1556 1415 1591 est
1433 1546 1559 1591 enim

131 1620 366 1684 magister
391 1631 567 1676 vester;
602 1638 764 1667 omnes
796 1631 957 1667 autem
990 1639 1077 1669 vos
1100 1622 1285 1685 fratres
1321 1625 1452 1670 estis.
1491 1625 1561 1670 Et

126 1707 315 1762 patrem
330 1697 479 1743 nolite
492 1715 671 1744 vocare
685 1698 818 1745 vobis
834 1716 981 1764 super
993 1710 1191 1756 terram;
1213 1718 1334 1746 unus
1350 1711 1418 1747 est
1434 1702 1558 1747 enim

122 1784 270 1838 pater
290 1785 462 1830 vester,
489 1775 575 1838 qui
591 1776 641 1820 in
661 1775 796 1821 coelis
815 1786 898 1821 est.
926 1775 1032 1822 tVec
1049 1778 1295 1823 vocemini
1311 1779 1558 1841 magistri,

131 1851 249 1913 quia
273 1852 507 1915 magister
526 1863 684 1897 vester
706 1870 828 1898 unus
845 1863 914 1898 est
940 1853 984 1897 C
982 1852 1175 1899 hristus.
1202 1853 1303 1917 Qui
1318 1855 1482 1918 major
1493 1867 1561 1901 est

130 1939 336 1974 vestrum
351 1966 365 1985 ,
387 1930 475 1975 crit
497 1931 714 1975 minister
728 1941 901 1976 vester.
936 1930 1037 1993 Qui
1059 1942 1217 1976 autem
1243 1949 1293 1977 se
1309 1932 1560 1979 eoealtawe-

131 2010 214 2062 rit,
243 2004 594 2062 lzmniliabitur,
616 2017 660 2052 et
687 2009 767 2071 qui
791 2024 842 2052 se
864 2006 1210 2064 humiliaverit,
1238 2008 1552 2054 exaltabitur.

134 2083 229 2129 lsoe
255 2084 418 2141 vobis,
449 2084 622 2131 scribae
651 2095 695 2130 et
715 2084 958 2150 pltarisoei
979 2083 1244 2149 lypocritce
1257 2123 1272 2143 ,
1301 2086 1387 2149 qui
1417 2086 1556 2132 clau-

131 2159 245 2207 ditis
277 2179 477 2226 regnum
504 2161 734 2208 coelorum
761 2173 872 2208 ante
901 2162 1131 2208 homines.
1173 2163 1277 2209 lios·
1301 2164 1427 2208 enim
1457 2181 1553 2210 uon

132 2240 345 2297 intratis,
374 2258 461 2287 nec
488 2241 777 2287 introeuntes
811 2241 969 2286 sinitis
1003 2241 1210 2286 introire.
1237 2241 1368 2288 Jcsus
1394 2241 1552 2306 itaque

131 2316 281 2364 multa
304 2317 613 2366 saluberrima
637 2317 807 2375 edidit,
835 2318 1071 2382 simplices
1094 2317 1258 2365 docuit
1277 2355 1289 2378 ,
1317 2318 1550 2384 hypocri-

132 2403 198 2440 tas
222 2393 545 2459 reprehendit.
573 2396 780 2443 Locutus
805 2405 874 2443 est
891 2394 949 2442 de
965 2394 1239 2460 jurantibus
1265 2396 1313 2442 in
1341 2396 1548 2460 templo,

131 2482 178 2519 et
209 2489 326 2520 auro
353 2473 484 2538 quod
515 2473 563 2519 in
599 2473 778 2537 templo
806 2483 898 2530 est3
935 2471 992 2520 de
1018 2472 1153 2519 altari
1191 2483 1238 2520 et
1268 2472 1408 2520 donis
1440 2491 1548 2539 quae

132 2549 180 2595 in
209 2550 310 2614 ipso
334 2561 471 2607 sunt;
498 2550 555 2597 de
581 2550 738 2596 divina
763 2551 964 2614 pietate,
995 2567 1102 2615 quae
1126 2549 1382 2615 prophetas
1408 2562 1455 2598 et
1483 2569 1549 2597 sa-

180 2727 228 2769 (ι)
254 2728 383 2763 Mauh.
404 2740 487 2771 xxii,
505 2727 637 2771 34-462
656 2729 767 2763 Mare.
788 2740 855 2772 xii,
873 2726 1004 2775 28-575,
1024 2728 1110 2762 Luc.
1134 2740 1196 2771 xx,
1215 2729 1337 2769 ,ἧι-44.

234 2805 263 2832 ι.
1331 2788 1355 2831 5
