1738 3043
198 224 275 261 :358
567 218 806 258 nlsTORlA
841 218 1243 258 ECCLESIASTICA.

200 303 351 357 laeto,
381 298 607 345 convenit
632 297 891 345 multitudo
920 298 1149 355 civitatis,
1174 308 1222 345 et
1245 299 1483 362 ejicientes
1506 317 1616 347 eum

197 377 255 425 de
279 375 517 433 custodia,
549 376 783 423 miserunt
810 375 981 422 iterum
1003 374 1169 422 funem
1194 375 1241 422 in
1271 375 1397 424 collo
1425 379 1548 442 ejus,
1569 388 1618 425 et

201 454 474 512 trahebant,
501 454 710 501 dicentes
731 472 742 498 t
770 453 964 501 Tralze'te
988 453 1213 500 bubalum
1237 454 1308 500 ad
1329 454 1435 502 loca
1459 455 1618 503 Buco-

200 533 296 579 lae'oe.
329 533 548 598 Cumque
584 532 873 590 traheretur,
907 533 1006 580 Deo
1037 533 1208 597 gratias
1237 550 1401 598 agens,
1433 533 1531 580 ait:
1555 534 1617 580 In

199 628 371 658 manus
414 621 547 668 tuas,
590 611 823 670 Domine,
863 610 1144 657 commendo
1180 612 1402 677 spiritum
1442 628 1615 658 meum.

198 689 310 734 Haec
332 686 519 746 dicens,
544 686 739 733 tradidit
771 687 1011 751 spiritum.
1048 688 1272 734 Immanis
1299 697 1456 735 autem
1481 687 1620 734 turba

199 763 453 829 gentilium
475 763 524 810 iu
549 763 673 820 loco,
696 765 777 829 qui
801 763 1059 810 vocabatur
1075 763 1134 810 ab
1151 763 1326 830 angelis
1343 764 1438 829 (1),
1462 764 1620 829 ignem

202 840 444 888 succendit
458 878 471 898 ,
490 853 537 889 et
555 843 776 906 reliquias
801 852 981 888 sanctas
998 841 1279 890 comburere
1292 842 1463 890 voluit.
1483 843 1621 890 Tunc

200 920 497 985 providentia
540 921 624 968 Dei
663 920 813 966 valida
854 931 1103 985 tempestas
1136 932 1299 968 exorta
1337 931 1436 981 est,
1474 920 1622 968 vehe-

201 1016 429 1063 mensque
460 998 670 1063 procella
705 1001 836 1046 venti
872 999 993 1045 sacta
1031 1011 1129 1057 est;
1164 1017 1368 1065 suosque
1404 1000 1475 1047 sol
1505 999 1624 1046 sub-

203 1076 345 1122 traxit
379 1075 563 1132 radios,
604 1085 652 1123 et
689 1076 905 1123 tonitrua
938 1074 1060 1122 sacta
1098 1086 1210 1122 sunt
1249 1077 1426 1141 gravia.
1465 1075 1624 1124 Imber

201 1154 344 1201 etiam
381 1153 616 1217 plurimus
647 1172 671 1200 a
702 1171 840 1201 mane
868 1171 1019 1219 usque
1050 1154 1107 1201 ad
1138 1171 1380 1219 vesperam
1412 1153 1621 1212 effluxit,

204 1232 265 1278 ita
300 1241 355 1277 ut
388 1229 656 1277 habitacula
693 1231 960 1279 multorum
997 1242 1304 1290 corruerent,
1342 1241 1390 1279 et
1426 1231 1622 1296 plurimi

203 1319 358 1357 morte
375 1309 606 1373 perirent.
630 1308 896 1357 Metuentes
917 1326 1032 1357 vero
1052 1308 1266 1356 custodes
1285 1319 1500 1356 sanctum
1522 1325 1626 1356 cor-

201 1405 290 1451 pus
318 1385 605 1434 dimiserunt
635 1396 683 1433 et
708 1385 954 1451 fugerunt.
986 1387 1079 1433 Alii
1112 1386 1379 1435 deridentes
1404 1385 1626 1434 dicebant

202 1463 334 1528 quod
361 1463 545 1527 Serapis
571 1461 672 1510 haec
695 1474 879 1529 ageret,
906 1474 952 1512 et
976 1465 1040 1511 sic
1068 1465 1117 1510 in
1144 1482 1225 1511 sua
1248 1463 1503 1512 festivitate
1536 1463 1627 1511 ini-

203 1542 381 1588 micum
406 1559 543 1587 suum
569 1542 807 1589 inviseret.

271 1620 411 1664 Tunc
444 1617 649 1682 religiosi
686 1619 776 1665 viri
817 1620 1057 1667 venientes
1086 1622 1267 1683 justum
1298 1636 1472 1684 corpus
1504 1619 1627 1667 tule—

207 1707 349 1754 runt,
379 1706 426 1743 et
454 1696 502 1742 in
528 1696 635 1744 loco
657 1696 823 1761 lapidis
847 1697 987 1745 excisi
1014 1714 1123 1744 cum
1142 1696 1292 1762 gloria
1319 1702 1412 1744 vu⁰
1435 1697 1622 1745 kalend.

207 1775 349 1821 maias
372 1774 677 1838 sepelierunt.
702 1775 779 1821 Sic
802 1773 964 1822 beatus
988 1775 1183 1822 Marcus
1207 1774 1507 1841 Evangelista
1525 1776 1627 1840 pri-

206 1869 311 1897 mus
348 1849 651 1897 Alexandriae
688 1851 862 1915 praesul
899 1869 989 1916 pro
1023 1851 1214 1899 Christo
1249 1869 1410 1916 passus
1442 1862 1538 1908 est,
1579 1861 1626 1899 et

208 1944 380 1991 corpus
413 1929 511 1991 ejus
535 1927 757 1975 orientali
782 1939 916 1992 parte
939 1929 1204 1993 repositum
1228 1939 1312 1976 est.
1349 1928 1489 1990 Quod
1517 1939 1626 1994 post

206 2006 473 2054 multorum
511 2007 744 2053 curricula
786 2024 1048 2064 annorum,
1092 2017 1291 2072 propter
1331 2007 1626 2055 incursiones

206 2085 502 2150 Paganorum
519 2120 531 2140 ,
558 2085 639 2148 qui
673 2095 830 2133 totum
854 2085 1101 2133 Orientem
1124 2097 1179 2132 ut
1201 2086 1398 2133 locustae
1421 2103 1626 2151 operue-

206 2171 350 2219 runt,
372 2160 557 2226 sibique
580 2163 834 2209 maximam
859 2174 1042 2227 partem
1065 2164 1232 2210 mundi
1262 2164 1318 2210 ad
1341 2174 1555 2210 austrum
1579 2173 1626 2210 et

207 2239 265 2285 ad
306 2240 581 2304 aquilonem
621 2239 941 2304 subegerunt,
984 2241 1141 2288 fideles
1181 2241 1434 2289 Christiani
1474 2241 1627 2305 Aqui-

207 2317 376 2374 leiam,
409 2315 491 2362 ubi
524 2317 705 2380 primus
735 2316 978 2364 Christum
1007 2318 1336 2376 annuntiavit,
1371 2317 1626 2365 transtule-

207 2403 341 2441 runt.
360 2392 674 2457 Aquileiensis
692 2394 836 2459 igitur
854 2396 1027 2459 praesul
1047 2406 1243 2443 stemma
1260 2393 1622 2461 patriarchatus,

207 2488 305 2538 quo
345 2469 690 2517 Alexandrinus
727 2472 944 2536 pontifex
984 2474 1101 2520 olim
1135 2474 1316 2538 potitus
1352 2483 1453 2530 est,
1491 2489 1624 2518 nunc

207 2550 412 2605 retinet,
456 2559 504 2594 et
538 2560 736 2612 quartus
771 2551 946 2615 primas
981 2551 1045 2599 ob
1085 2551 1397 2599 reverentiam
1434 2551 1532 2616 ejus
1573 2550 1621 2597 in

208 2626 326 2674 orbe
360 2625 536 2672 renitet
572 2646 581 2670 :
618 2628 764 2673 sancti
804 2629 1021 2676 videlicet
1056 2629 1234 2685 Marci,
1276 2644 1419 2692 quem
1456 2627 1624 2688 Petrus

256 2796 303 2833 l1)
331 2794 427 2829 Lisez
452 2824 456 2827 .
480 2793 545 2829 Ad
561 2796 709 2839 angelos
