1738 3043
258 255 334 291 *288
625 249 866 287 HISTORIA
897 249 1297 289 ECCLESIASTlCA.

257 332 403 379 baoth
444 330 665 394 colligere
701 329 938 385 desider03
983 348 1091 394 quae
1127 330 1336 378 Mellitus
1372 333 1444 397 (ι)
1483 333 1669 399 scripsit

261 407 562 463 Laodicenis,
599 405 793 472 aliisque
829 406 1044 454 fidelihus
1084 409 1165 473 qui
1210 420 1322 456 sunt
1359 410 1406 456 in
1451 411 1670 460 universo

259 485 464 542 mundo,
498 484 670 550 aliique
703 484 906 531 illustres
936 485 1190 550 antiquarii
1223 487 1592 552 promulgarunt
1614 488 1671 536 de

260 564 366 622 illo,
400 563 731 628 praecipueque
755 561 1076 627 Hieronymus
1099 561 1274 610 divinae
1298 564 1412 628 legis
1441 566 1672 630 interpres

258 642 543 707 praenotavit
567 642 614 688 in
641 640 948 706 Apocalypsis
973 642 1231 705 prooemio.

322 722 524 767 Joannes
543 719 783 784 apostolus
803 730 849 765 et
866 720 1159 785 Evangelista
1180 721 1315 786 x-irgo
1334 730 1403 768 est
1420 737 1444 766 a
1465 721 1672 768 Domino

257 802 365 847 Jesu
389 799 578 846 Christo
597 799 796 855 clectus,
822 809 963 862 atque
985 799 1110 845 inter
1133 809 1329 846 caeteros
1353 800 1499 865 magis
1522 799 1673 847 dilec-

261 886 360 931 tus,
394 887 440 922 et
468 877 514 921 in
546 886 678 922 tanto
702 893 862 922 amore
892 873 1159 922 dilectionis
1190 875 1249 922 ab
1274 893 1329 923 eo
1358 886 1428 923 est
1453 875 1670 934 habitus,

259 963 312 998 ut
337 953 383 998 in
410 970 544 999 coena
571 969 711 1015 super
742 962 903 1015 pectus
929 953 1024 1015 ejus
1055 950 1378 1009 recumberet,
1408 962 1455 999 et
1478 952 1535 999 ad
1560 969 1676 998 cru·-

260 1047 362 1076 cem
384 1029 553 1074 astanti
578 1027 663 1074 soli
695 1038 894 1075 matrem
921 1028 1165 1092 propriam
1189 1028 1562 1076 commendasset
1572 1046 1584 1085 ;
1620 1039 1676 1074 ut

261 1124 404 1171 quem
431 1105 612 1153 nubere
635 1105 877 1153 &olentem
908 1106 964 1152 ad
997 1106 1267 1170 amplexum
1290 1106 1576 1171 virginitatis
1602 1123 1676 1152 as·-

261 1186 436 1232 civerat
460 1185 553 1248 (2),
596 1184 678 1248 ipsi
711 1184 850 1231 ctiam
884 1183 1240 1231 custodiendam
1273 1184 1506 1249 virginem
1529 1183 1677 1231 tradi·-

259 1263 417 1311 disset.
460 1264 547 1309 llic
584 1264 740 1327 itaque
778 1280 886 1308 eum
922 1263 968 1308 in
1007 1262 1112 1308 Asia
1138 1261 1339 1309 verbum
1368 1262 1452 1310 Dei
1487 1261 1677 1326 publice

260 1341 564 1406 praedicaret,
594 1351 641 1388 et
668 1341 993 1387 testimonium
1015 1341 1125 1386 Jesu
1144 1339 1318 1386 Christi
1337 1339 1512 1386 Judaeis
1535 1350 1677 1404 atque

261 1420 481 1484 gentibus
518 1420 749 1465 instanter
777 1419 1044 1475 intimaret,
1076 1417 1304 1465 invidiosa
1336 1419 1567 1466 relatione
1597 1417 1676 1464 ad·

262 1498 577 1545 versariorum
614 1497 824 1544 veritatis
858 1498 1023 1543 Romae
1057 1507 1126 1543 est
1157 1507 1423 1553 accusatus,
1453 1498 1679 1560 jussuque

265 1575 527 1621 Domitiani
555 1574 774 1630 Caesaris,
807 1574 887 1637 qui
921 1572 1152 1620 sccundus
1177 1585 1285 1636 post
1307 1572 1548 1620 Neronem
1566 1589 1680 1636 per—

263 1652 556 1698 secutionem
581 1650 964 1696 Christianorum
989 1650 1231 1707 exercuit,
1262 1649 1320 1696 de
1353 1648 1535 1714 Epheso
1567 1666 1680 1712 rap-

268 1740 365 1785 tus,
400 1740 447 1777 et
471 1747 631 1776 coram
658 1730 838 1775 Caesai'e
871 1739 1011 1792 atquc
1039 1739 1204 1774 senatu
1236 1737 1346 1774 ante
1377 1737 1566 1792 portam
1590 1731 1679 1773 La—
1722 1735 1725 1738 ’

266 1809 415 1854 tinam
452 1807 756 1853 constitutus.
795 1805 1011 1868 Cumque
1042 1805 1314 1867 persisteret
1353 1804 1402 1850 in
1442 1821 1551 1851 vera
1588 1802 1679 1851 fide

265 2036 443 2073 habitude
467 2042 654 2070 constante
676 2034 763 2069 choz
787 2034 837 2068 les
857 2034 984 2069 Grecs.
1006 2034 1105 2067 Nous
1129 2045 1236 2068 avons
1258 2045 1304 2068 vu
1326 2034 1418 2068 aussi
1439 2045 1503 2068 son
1521 2045 1605 2068 nom
1622 2045 1678 2068 ac-

265 2098 466 2143 conipagnc
481 2094 525 2129 de
535 2095 720 2141 l’epitlicte
735 2096 946 2140 symmista:
961 2093 1136 2136 co-initie,
1152 2095 1366 2140 empruntce
1378 2094 1397 2127 a
1409 2093 1501 2127 saint
1511 2093 1678 2128 Clement

265 2155 534 2192 d‘Alexandric.

311 2219 361 2263 (ι)
387 2217 435 2252 Le
455 2216 546 2250 rccit
573 2226 644 2261 que
672 2214 742 2248 l'on
767 2226 807 2247 va
830 2213 896 2247 lire
922 2219 976 2247 cst
1003 2224 1049 2246 en
1073 2211 1158 2247 effet
1183 2212 1315 2246 extu-ait
1339 2224 1423 2247 avec
1447 2222 1519 2245 une
1543 2210 1678 2258 grande

265 2274 490 2317 exactitude,
509 2281 546 2308 et
565 2273 598 2307 le
622 2272 702 2319 plus
730 2279 881 2307 souvcnt
907 2272 1184 2314 litteralement‚
1212 2271 1257 2306 de
1278 2271 1456 2306 l’histoire
1473 2270 1678 2317 apocryphe

266 2335 312 2369 (le
332 2336 425 2369 saint
442 2336 547 2375 Jean,
569 2332 748 2366 attribues:
771 2333 789 2365 ἐι
807 2343 856 2365 un
876 2331 1055 2377 pretcndu
1075 2330 1252 2374 Mellitus,
1273 2331 1408 2378 niveque
1427 2329 1472 2365 de
1491 2329 1677 2365 Laodicee.

268 2395 404 2429 Melliti
420 2392 658 2427 Laodiceam·
677 2393 837 2436 episcopi
858 2392 981 2436 passio
999 2393 1120 2424 sancti
1135 2391 1290 2425 Ioannis
1309 2390 1559 2437 evangelistae,
1579 2386 1682 2435 apud

270 2453 302 2487 F
304 2453 488 2487 lorentinic'
517 2452 698 2485 vetustius
731 2449 966 2485 occidentalis
996 2451 1157 2484 ecclesioe
1193 2451 1509 2497 martyrologium.
1540 2448 1655 2483 Lucoe
1666 2475 1675 2491 ,

273 2511 370 2546 1668.
394 2511 514 2556 Voyez
535 2509 567 2544 le
582 2509 715 2543 recueil
739 2508 783 2543 de
806 2509 1071 2551 florentinius,
1089 2511 1137 2544 οιί
1159 2516 1253 2544 cette
1267 2507 1419 2556 legende
1438 2507 1643 2554 apocryphe
1657 2517 1677 2540 a

269 2574 327 2606 cte
344 2571 499 2611 insieme,
522 2582 611 2616 page
636 2567 696 2602 150
711 2575 746 2602 ct
763 2569 953 2603 suivantes.

314 2631 366 2674 (α)
390 2628 458 2663 Ces
478 2634 570 2661 mois
586 2628 663 2661 sont
682 2625 957 2673 probablement
970 2626 1123 2661 allusion
1141 2628 1160 2660 ii
1173 2625 1329 2673 quelque
1343 2624 1516 2659 tradition
1531 2636 1593 2659 sur
1606 2634 1675 2663 une

271 2688 414 2722 volonte
431 2686 477 2720 de
496 2699 563 2720 mai
577 2687 653 2730 inge
669 2687 852 2731 expriinee
867 2698 931 2731 par
949 2687 1041 2720 saint
1059 2687 1165 2726 Jvan,
1184 2685 1245 2731 qui
1271 2697 1314 2718 ne
1330 2696 1406 2719 sera
1424 2696 1485 2731 pas
1498 2693 1676 2730 parvenne

268 2746 410 2793 jusqu'a
429 2757 519 2779 nous
