1738 3043
267 261 338 299 itt-l
626 259 867 297 HISTORIA
898 259 1298 299 ECCLESIASTICA.

266 339 390 385 tibus
423 356 529 384 cum
559 339 801 401 signorum
833 340 1108 385 executione
1139 339 1389 402 praecepit,
1416 339 1666 405 discipulos

265 417 388 463 foras
416 417 460 461 in
491 414 767 461 Bctlianiam
802 415 989 472 eduxit,
1023 416 1180 479 eisque
1215 415 1264 460 in
1299 425 1462 462 monte
1497 416 1665 463 Oliveti

263 505 389 539 stans
414 492 682 549 benedixit,
709 504 757 539 et
782 491 1075 539 intuentibus
1101 492 1190 537 illis
1215 502 1354 556 atque
1384 492 1668 556 gratulanti-

266 571 351 617 bus
367 607 378 627 ‚
420 572 466 617 in
507 571 653 617 coelos
688 570 912 617 ascendit.
948 572 1058 616 Post
1083 569 1242 616 decem
1266 586 1379 616 vero
1403 570 1523 627 dies,
1541 572 1667 634 jeju-

261 651 486 699 nantibus
511 653 670 697 amicis
695 662 741 697 et
769 652 814 697 in
841 669 992 696 unum
1016 649 1290 707 orantibus,
1323 651 1554 714 Spiritum
1581 652 1668 698 Pa-

263 730 482 776 raclitum
496 730 623 775 misit
636 765 648 785 ,
666 746 853 793 eosque,
865 739 918 774 ut
931 729 1227 792 promiserat,
1245 729 1471 775 unctione
1484 729 1667 775 interna

260 807 318 855 de
341 806 565 854 omnibus
588 808 633 852 in
652 817 898 852 momento
917 805 1107 862 docuit,
1130 817 1176 852 et
1195 806 1412 852 omnium
1431 804 1669 852 abundan-

263 886 323 931 tia
357 883 689 930 charismatum
726 883 928 928 feliciter
963 882 1240 939 illustravit,
1274 895 1440 930 contra
1475 894 1671 930 cunctos

261 960 610 1006 adversantium
650 960 849 1022 impetus
887 957 1242 1015 corroboravit,
1288 969 1335 1005 et
1377 957 1670 1006 invincibiles

262 1037 484 1092 athletas,
513 1036 826 1099 omniumque
848 1033 1102 1081 didascalos
1127 1036 1342 1099 gentium
1367 1036 1538 1083 effecit.

330 1115 500 1170 Lucas,
529 1113 722 1159 natione
747 1112 917 1176 Syrus,
945 1122 1045 1158 arte
1068 1099 1298 1169 medicus,
1322 1112 1497 1159 Christi
1524 1113 1672 1161 fidelis

263 1192 548 1256 discipulus,
576 1191 779 1255 Spiritus
807 1190 963 1236 Sancti
988 1190 1135 1255 gratia
1163 1190 1396 1254 repletu5‚
1423 1200 1674 1256 postquam

263 1271 574 1335 Evangelium
603 1269 790 1333 scripsit
822 1268 1002 1315 Graecis
1039 1267 1281 1326 fidelibus,
1322 1269 1502 1333 insigne
1536 1269 1675 1316 volu-

264 1367 372 1395 men
393 1347 662 1412 Theophilo
679 1346 847 1411 adjecit
864 1345 921 1394 de
937 1346 1278 1410 Apostolorum
1293 1345 1506 1393 Actibus.
1526 1346 1675 1394 Theo-

263 1425 422 1490 philus
453 1427 632 1490 quippe
656 1425 1000 1488 interpretatur
1022 1425 1180 1470 Deum
1202 1424 1437 1489 diligens,
1465 1440 1562 1489 quo
1593 1423 1675 1472 de-

265 1504 478 1568 signatur
514 1502 669 1549 omnis
695 1501 928 1548 studiosus
954 1512 999 1548 et
1026 1501 1315 1566 intelligens,
1343 1511 1389 1549 et
1420 1502 1469 1548 in
1502 1500 1676 1549 divinae

267 1581 378 1645 legis
415 1579 721 1626 meditatione
753 1581 852 1643 jugi
890 1578 1107 1636 fervens;
1145 1579 1201 1625 ad
1236 1597 1379 1643 quem
1411 1597 1566 1627 sermo
1590 1579 1672 1627 Dei

263 1661 370 1722 jure
410 1658 650 1722 dirigitur,
695 1667 742 1702 et
777 1676 798 1702 a
836 1674 931 1721 quo
970 1656 1091 1703 idem
1127 1657 1349 1703 vivaciter
1383 1658 1673 1721 percipitur,

268 1734 549 1798 glutinoque
585 1732 851 1780 dilectionis
886 1750 1009 1779 verse
1045 1734 1272 1779 tenaciter
1307 1733 1557 1780 retinetur.
1600 1733 1675 1779 Illi

270 1812 502 1858 nimirum
526 1810 854 1875 Evangelium,
881 1810 925 1856 id
946 1820 1014 1856 est
1034 1810 1216 1857 bonum
1236 1811 1484 1868 nuntium,
1506 1811 1678 1869 merito

272 1889 557 1945 insinuatur,
576 1898 623 1935 et
639 1888 925 1934 invictorum
943 1887 1209 1952 triumphus
1223 1888 1543 1952 apostolorum
1560 1907 1679 1935 mar-

274 1975 531 2030 tyrumque
552 1974 822 2011 recensetur
838 1999 850 2020 ,
879 1963 988 2028 quia
1013 1963 1280 2028 hujusmodi
1307 1965 1494 2012 secretis
1513 1964 1679 2012 coeles-

276 2041 401 2088 tibus
428 2043 648 2088 interesse
668 2041 836 2106 dignus
856 2039 1056 2088 habetur
1077 2041 1168 2105 (1).

341 2120 587 2167 facundus
611 2137 801 2185 quoque
828 2119 1024 2177 Arator‚
1051 2136 1260 2166 romanae
1286 2119 1403 2167 sedis
1430 2117 1681 2166 subdiaco—

277 2215 384 2254 nus,
412 2198 732 2243 narrationem
749 2198 888 2243 Lucae
909 2198 1036 2261 sequi
1063 2197 1268 2252 studuit,
1296 2207 1342 2242 et
1371 2196 1477 2243 inde
1503 2197 1682 2261 specia-

281 2275 372 2321 lem
390 2274 680 2320 versificandi
696 2274 941 2320 materiam
960 2273 1183 2336 sumpsit,
1206 2283 1344 2337 atque
1358 2273 1534 2339 vigilio
1552 2292 1681 2339 papae

324 2451 377 2494 (ι)
404 2449 467 2483 Les
487 2449 597 2482 Arte<
615 2448 680 2482 des
698 2448 857 2493 ΛμόΙι-ος
875 2449 1033 2482 fornic-nt
1049 2448 1080 2481 la
1099 2447 1287 2482 ‹lcnxiiffme
1303 2449 1417 2495 partie
1438 2448 1483 2483 de
1500 2447 1682 2495 l’evangile

283 2508 327 2542 de
346 2509 437 2542 saint
460 2509 552 2548 Luc,
575 2515 610 2541 vt
639 2515 719 2541 sont
745 2508 904 2541 adress-es
930 2521 973 2542 au
999 2508 1116 2543 menie
1141 2520 1375 2554 personnage.
1397 2508 1444 2543 Ils
1462 2508 1684 2544 emhrassent

284 2579 354 2601 une
374 2566 520 2613 pei-iode-
540 2565 583 2599 ‹lt-
605 2568 833 2600 tremo-trois
852 2569 1000 2607 atinees,
1021 2566 1148 2613 depuis
1168 2567 1235 2601 l'an
1254 2565 1297 2602 52
1312 2566 1356 2601 de
1374 2566 1458 2601 l’ere
1475 2566 1683 2602 cliretienne

281 2625 447 2671 jusqu'cn
467 2623 510 2658 65
530 2625 692 2659 environ.
721 2625 857 2672 ῊιιΙςςιῚἸ
883 2632 963 2659 tous
990 2625 1040 2659 les
1061 2626 1258 2660 caracteres
1283 2624 1559 2660 d'anthenticite
1580 2622 1682 2671 qu’ils

286 2687 511 2730 presentent,
534 2684 575 2717 ils
595 2684 693 2717 n'ont
714 2686 922 2718 connnence'
941 2687 959 2718 ἐι
977 2685 1053 2718 feti-e
1073 2684 1161 2718 cites
1181 2696 1245 2730 par
1270 2682 1320 2717 les
1348 2684 1455 2718 Percs
1473 2682 1519 2718 de
1541 2674 1681 2729 l’Eglise

286 2745 365 2790 qu'ii
385 2757 454 2778 unse
472 2745 610 2789 cpoquc
626 2746 774 2778 avancec
795 2744 841 2778 du
866 2751 898 2777 11¹
923 2743 1040 2778 siecle.
