1738 3043
583 235 735 275 LlBER
764 236 1039 275 SECUNDUS.
1451 241 1528 276 271.)

108 319 254 366 venit.
284 318 421 362 Tunc
456 327 643 361 sanctus
681 316 762 361 Dei
797 315 862 360 ait
902 315 956 360 ad
987 333 1094 361 runi
1132 336 1140 360 :
1180 314 1319 362 Abde
1352 329 1524 381 caput,

91 400 316 458 funeste,
359 394 491 458 quod
527 394 723 440 erexisti
760 393 822 438 ab
863 394 1000 439 inicio
1039 393 1110 439 ad
1145 411 1309 440 necem
1341 398 1530 459 generis

108 475 338 530 humani,
368 483 411 518 ec
442 472 593 518 subde
622 471 892 533 lesimuth}
915 472 1013 517 Dec·
1044 489 1105 518 ac
1128 490 1325 518 morere.
1359 473 1527 519 Statim

109 569 298 615 serpens
330 568 517 614 gravem
554 550 767 614 rugitum
801 550 980 604 emisit,
1021 567 1248 614 quercum
1282 568 1528 616 magnam,

107 647 215 694 quae
253 629 522 692 propinqua
558 637 681 681 erat,
721 626 1058 683 circumdedit,
1096 637 1143 674 et
1178 645 1226 674 se
1263 629 1384 675 circa
1429 647 1530 677 eam

106 706 358 771 obligavit3
396 722 714 770 evomensque
743 705 900 751 rivum
927 705 1097 752 veneni
1132 722 1241 751 cum
1275 707 1530 772 sanguine,

107 785 354 849 expiravit.
387 783 566 830 Deinde
589 783 831 847 apostolus
862 781 918 828 ad
946 781 1183 847 praedium
1207 783 1446 840 mulieris,
1482 785 1529 830 in

108 881 205 929 quo
232 861 476 926 parvulus,
503 879 645 927 quem
671 878 862 925 serpens
887 860 1182 924 perculerat,
1214 871 1433 908 mortuus
1457 863 1535 910 de-

110 939 337 996 cubabat,
368 940 610 1003 pervenit;
634 949 680 986 et
698 949 918 1003 parentes
941 940 1039 1002 ejus
1054 974 1067 996 ,
1097 949 1152 984 ut
1175 938 1535 987 interfectorem

110 1017 194 1065 filii
229 1018 298 1064 sui
334 1027 581 1064 mortuum
616 1017 859 1074 viderent,
894 1017 1040 1063 misit.
1078 1017 1175 1064 Illis
1210 1034 1325 1065 vero
1355 1017 1533 1066 abeun-

111 1097 267 1154 tibus,
309 1096 446 1143 uxori
485 1095 785 1159 proconsulis
820 1094 942 1141 dixit
976 1095 1218 1159 apostolus
1255 1116 1265 1142 :
1311 1096 1458 1142 Vade
1495 1109 1537 1143 et

110 1177 289 1220 suscita
308 1191 533 1239 puerum.
562 1179 621 1219 At
650 1173 727 1220 illa
754 1172 875 1219 nihil
903 1171 1154 1230 dubitans,
1182 1174 1315 1221 venit
1338 1173 1395 1220 ad
1427 1191 1538 1221 cor-

110 1270 223 1316 pus,
254 1261 299 1298 et
329 1252 388 1297 ait
427 1272 435 1297 :
470 1252 532 1298 In
558 1255 751 1299 nomine
782 1253 878 1299 Dei
909 1256 999 1299 mei
1032 1252 1072 1298 J
1071 1270 1154 1298 esu
1185 1252 1366 1299 Christi
1393 1271 1536 1318 surge

113 1330 382 1377 incolumis.
418 1330 500 1376 llle
540 1348 654 1377 vero
692 1331 913 1394 protinus
942 1330 1178 1386 surrexit,
1213 1331 1398 1377 cunctis
1431 1349 1539 1396 gau-

110 1407 357 1465 dentibus,
394 1409 587 1473 Deoque
617 1409 790 1472 gratias
826 1407 1093 1473 agentibus.
1133 1409 1362 1474 Sequenti
1397 1420 1539 1456 nocte

112 1487 274 1532 beatus
298 1485 513 1533 Andreas
538 1488 731 1533 Petrum
760 1496 806 1533 et
835 1487 1070 1533 Joannem
1100 1486 1219 1532 vidit
1252 1487 1300 1532 in
1326 1487 1536 1543 visione,

114 1565 161 1609 in
196 1581 286 1628 qua
321 1563 583 1610 revelatum
610 1575 678 1610 est
702 1564 743 1611 ei
777 1563 906 1630 quod
932 1563 1076 1628 paulo
1100 1574 1208 1628 post
1234 1563 1463 1628 penderet
1489 1565 1537 1610 in

112 1659 251 1688 cruce
267 1678 278 1698 ‚
304 1642 663 1708 Dominumque
686 1643 712 1688 J
717 1660 847 1689 esum
866 1653 1113 1690 secuturus
1133 1653 1251 1689 esset
1268 1644 1422 1690 crucis
1438 1661 1540 1708 pas-

112 1721 261 1767 sione.
288 1721 476 1767 Fratres
499 1732 658 1768 autem
682 1721 988 1778 convocavit,
1011 1722 1364 1769 enarrationem
1390 1722 1540 1769 visio-

115 1799 186 1844 nis
211 1797 503 1861 explanavit,
533 1809 580 1844 et
610 1815 700 1862 pro
735 1798 873 1846 celeri
908 1799 1193 1863 migratione
1227 1801 1297 1846 sui
1325 1800 1539 1865 lugentes

114 1876 431 1931 confortavit,
469 1887 515 1923 et
545 1894 631 1940 per
652 1878 869 1942 quinque
895 1877 992 1924 dies
1020 1877 1277 1924 salubriter
1303 1877 1535 1936 erudivit3

114 1954 430 2019 precibusque
454 1955 542 2018 piis
573 1954 796 2002 Ecclesiae
820 1973 1010 2021 gregem
1042 1956 1140 2003 Deo
1165 1956 1533 2003 commendavit.

118 2032 228 2079 lnile
253 2031 636 2080 Thessalonicam
659 2032 903 2097 profectus
930 2043 999 2080 est
1017 2036 1034 2096 (
1051 2033 1111 2096 ι).

182 2111 365 2157 Lisbius
395 2111 653 2175 proconsul
675 2111 762 2158 viae
786 2112 869 2158 Dei
900 2112 1115 2158 resistere
1139 2123 1336 2158 conatus
1368 2122 1462 2168 est,
1490 2123 1536 2159 et

118 2187 346 2234 militibus
373 2188 616 2235 multoties
647 2189 798 2235 missis
826 2198 878 2234 ut
901 2187 1141 2235 Andream
1164 2187 1536 2252 comprehende-

119 2276 225 2313 rent
240 2305 251 2325 ,
273 2265 563 2313 detestabilis
582 2267 734 2331 impos
752 2267 852 2314 voti
873 2267 1065 2313 effectus
1083 2277 1169 2313 est.
1198 2267 1411 2314 Tandem
1428 2284 1539 2333 apo-

119 2344 241 2390 stolo
270 2344 579 2400 adveniente,
612 2362 637 2390 a
666 2343 853 2391 duobus
881 2343 1181 2392 daemonibus
1213 2344 1369 2409 flagris
1394 2362 1539 2392 caesus

120 2431 203 2466 est.
240 2420 378 2467 Unde
409 2422 743 2486 postmodum,
778 2422 862 2470 Dei
888 2422 1044 2468 virum
1067 2422 1350 2479 accersiens,
1378 2440 1537 2470 coram

165 2634 216 2677 (ι)
244 2634 355 2670 Νοῑτε
382 2642 511 2670 auteur
536 2648 552 2669 a
581 2634 703 2669 oublie
730 2635 908 2681 d'ajouter
937 2648 1008 2683 que
1036 2636 1081 2671 de
1108 2636 1416 2684 Thessaloniqne‚
1446 2640 1534 2673 saint

124 2691 245 2726 Andre
276 2705 311 2727 sc
343 2694 461 2729 rendit
492 2697 510 2729 a
546 2696 684 2735 Patras,
719 2697 766 2729 on
800 2702 882 2730 vont
915 2708 950 2731 se
980 2709 1099 2742 passer
1131 2697 1180 2731 les
1212 2699 1443 2733 eve'nemcnts
1474 2700 1537 2744 qni

125 2758 275 2785 ‹un-ent.
