<?xml version="1.0" encoding="UTF-8"?>
<!DOCTYPE html PUBLIC "-//W3C//DTD XHTML 1.0 Transitional//EN"
    "http://www.w3.org/TR/xhtml1/DTD/xhtml1-transitional.dtd">
<html xmlns="http://www.w3.org/1999/xhtml" xml:lang="en" lang="en">
 <head>
  <title>
</title>
<meta http-equiv="Content-Type" content="text/html;charset=utf-8" />
  <meta name='ocr-system' content='tesseract 3.04.00' />
  <meta name='ocr-capabilities' content='ocr_page ocr_carea ocr_par ocr_line ocrx_word'/>
</head>
<body>
  <div class='ocr_page' id='page_1' title='image "./ordericivitalish01ordeuoft_0339.png"; bbox 0 0 1738 3043; ppageno 0'>
   <div class='ocr_carea' id='block_1_1' title="bbox 543 242 1482 286">
    <p class='ocr_par' dir='ltr' id='par_1_1' title="bbox 543 242 1482 286">
     <span class='ocr_line' id='line_1_1' title="bbox 543 242 1482 286; baseline 0.005 -5"><span class='ocrx_word' id='word_1_1' title='bbox 543 242 698 282; x_wconf 87' lang='lat' dir='ltr'>LIBER</span> <span class='ocrx_word' id='word_1_2' title='bbox 726 242 1004 282; x_wconf 87' lang='lat' dir='ltr'><strong>SECUNDUS.</strong></span> <span class='ocrx_word' id='word_1_3' title='bbox 1409 249 1482 286; x_wconf 76' lang='lat'><strong>321</strong></span> 
     </span>
    </p>
   </div>
   <div class='ocr_carea' id='block_1_2' title="bbox 52 322 1494 2494">
    <p class='ocr_par' dir='ltr' id='par_1_2' title="bbox 65 322 1489 834">
     <span class='ocr_line' id='line_1_2' title="bbox 68 322 1485 389; baseline 0.002 -19"><span class='ocrx_word' id='word_1_4' title='bbox 68 340 187 370; x_wconf 88' lang='lat' dir='ltr'><strong>num</strong></span> <span class='ocrx_word' id='word_1_5' title='bbox 213 322 436 370; x_wconf 87' lang='lat' dir='ltr'><strong>terrendo</strong></span> <span class='ocrx_word' id='word_1_6' title='bbox 457 323 677 388; x_wconf 81' lang='lat' dir='ltr'><strong>castigat,</strong></span> <span class='ocrx_word' id='word_1_7' title='bbox 706 333 752 369; x_wconf 87' lang='lat' dir='ltr'><strong>et</strong></span> <span class='ocrx_word' id='word_1_8' title='bbox 771 323 1017 387; x_wconf 87' lang='lat' dir='ltr'><strong>puniendo</strong></span> <span class='ocrx_word' id='word_1_9' title='bbox 1041 342 1125 388; x_wconf 90' lang='lat' dir='ltr'><strong>per</strong></span> <span class='ocrx_word' id='word_1_10' title='bbox 1145 326 1485 389; x_wconf 87' lang='lat' dir='ltr'><strong>poenitentiam</strong></span> 
     </span>
     <span class='ocr_line' id='line_1_3' title="bbox 68 399 1485 466; baseline 0.003 -19"><span class='ocrx_word' id='word_1_11' title='bbox 68 399 309 447; x_wconf 79' lang='lat' dir='ltr'><strong>salvificat.</strong></span> <span class='ocrx_word' id='word_1_12' title='bbox 333 399 429 447; x_wconf 92' lang='lat' dir='ltr'><strong>Nos</strong></span> <span class='ocrx_word' id='word_1_13' title='bbox 457 401 602 465; x_wconf 80' lang='lat' dir='ltr'><strong>igitur</strong></span> <span class='ocrx_word' id='word_1_14' title='bbox 624 400 707 464; x_wconf 92' lang='lat' dir='ltr'><strong>ipsi</strong></span> <span class='ocrx_word' id='word_1_15' title='bbox 733 411 973 464; x_wconf 74' lang='lat' dir='ltr'><strong>gementes</strong></span> <span class='ocrx_word' id='word_1_16' title='bbox 997 402 1042 448; x_wconf 89' lang='lat' dir='ltr'><strong>in</strong></span> <span class='ocrx_word' id='word_1_17' title='bbox 1066 402 1184 449; x_wconf 83' lang='lat' dir='ltr'><strong>valle</strong></span> <span class='ocrx_word' id='word_1_18' title='bbox 1203 403 1485 466; x_wconf 75' lang='lat' dir='ltr'>plorationis</span> 
     </span>
     <span class='ocr_line' id='line_1_4' title="bbox 67 475 1488 546; baseline 0.004 -23"><span class='ocrx_word' id='word_1_19' title='bbox 67 477 406 542; x_wconf 79' lang='lat' dir='ltr'><strong>supplicemuS,</strong></span> <span class='ocrx_word' id='word_1_20' title='bbox 435 496 524 542; x_wconf 87' lang='lat' dir='ltr'><strong>pro</strong></span> <span class='ocrx_word' id='word_1_21' title='bbox 555 475 870 524; x_wconf 72' lang='lat' dir='ltr'><strong>ineffabilibus</strong></span> <span class='ocrx_word' id='word_1_22' title='bbox 895 477 1034 524; x_wconf 88' lang='lat' dir='ltr'><strong>bonis</strong></span> <span class='ocrx_word' id='word_1_23' title='bbox 1058 480 1152 525; x_wconf 80' lang='lat' dir='ltr'><strong>suis</strong></span> <span class='ocrx_word' id='word_1_24' title='bbox 1182 482 1351 544; x_wconf 71' lang='lat' dir='ltr'><strong>gratias</strong></span> <span class='ocrx_word' id='word_1_25' title='bbox 1380 499 1488 546; x_wconf 83' lang='lat' dir='ltr'><strong>aga-</strong></span> 
     </span>
     <span class='ocr_line' id='line_1_5' title="bbox 66 554 1487 619; baseline 0.004 -17"><span class='ocrx_word' id='word_1_26' title='bbox 66 572 202 612; x_wconf 90' lang='lat' dir='ltr'><strong>mus,</strong></span> <span class='ocrx_word' id='word_1_27' title='bbox 230 565 277 602; x_wconf 92' lang='lat' dir='ltr'><strong>et</strong></span> <span class='ocrx_word' id='word_1_28' title='bbox 308 555 540 602; x_wconf 90' lang='lat' dir='ltr'><strong>mandatis</strong></span> <span class='ocrx_word' id='word_1_29' title='bbox 565 557 660 619; x_wconf 87' lang='lat' dir='ltr'><strong>ejus</strong></span> <span class='ocrx_word' id='word_1_30' title='bbox 694 554 999 613; x_wconf 62' lang='lat' dir='ltr'><strong>inhaerendo,</strong></span> <span class='ocrx_word' id='word_1_31' title='bbox 1031 557 1086 602; x_wconf 89' lang='lat' dir='ltr'><strong>ad</strong></span> <span class='ocrx_word' id='word_1_32' title='bbox 1119 558 1255 604; x_wconf 90' lang='lat' dir='ltr'><strong>illum</strong></span> <span class='ocrx_word' id='word_1_33' title='bbox 1287 559 1487 607; x_wconf 81' lang='lat' dir='ltr'><strong>festine-</strong></span> 
     </span>
     <span class='ocr_line' id='line_1_6' title="bbox 66 631 1488 703; baseline 0.003 -24"><span class='ocrx_word' id='word_1_34' title='bbox 66 649 190 679; x_wconf 87' lang='lat' dir='ltr'><strong>mus.</strong></span> <span class='ocrx_word' id='word_1_35' title='bbox 216 633 413 679; x_wconf 90' lang='lat' dir='ltr'><strong>Beatum</strong></span> <span class='ocrx_word' id='word_1_36' title='bbox 437 650 628 698; x_wconf 84' lang='lat' dir='ltr'><strong>quoque</strong></span> <span class='ocrx_word' id='word_1_37' title='bbox 653 631 888 679; x_wconf 87' lang='lat' dir='ltr'><strong>Thomam</strong></span> <span class='ocrx_word' id='word_1_38' title='bbox 915 634 1207 698; x_wconf 87' lang='lat' dir='ltr'><strong>apostolum,</strong></span> <span class='ocrx_word' id='word_1_39' title='bbox 1234 637 1316 701; x_wconf 87' lang='lat' dir='ltr'><strong>qui</strong></span> <span class='ocrx_word' id='word_1_40' title='bbox 1338 637 1488 703; x_wconf 85' lang='lat' dir='ltr'><strong>Didy-</strong></span> 
     </span>
     <span class='ocr_line' id='line_1_7' title="bbox 67 709 1489 775; baseline 0.004 -20"><span class='ocrx_word' id='word_1_41' title='bbox 67 727 171 756; x_wconf 90' lang='lat' dir='ltr'><strong>mus</strong></span> <span class='ocrx_word' id='word_1_42' title='bbox 209 709 411 768; x_wconf 85' lang='lat' dir='ltr'><strong>dicitur,</strong></span> <span class='ocrx_word' id='word_1_43' title='bbox 454 727 727 766; x_wconf 87' lang='lat' dir='ltr'><strong>exoremus,</strong></span> <span class='ocrx_word' id='word_1_44' title='bbox 773 710 909 775; x_wconf 90' lang='lat' dir='ltr'><strong>eique</strong></span> <span class='ocrx_word' id='word_1_45' title='bbox 947 710 1231 759; x_wconf 86' lang='lat' dir='ltr'><strong>fiducialiter</strong></span> <span class='ocrx_word' id='word_1_46' title='bbox 1270 726 1489 762; x_wconf 82' lang='lat' dir='ltr'><strong>canentes</strong></span> 
     </span>
     <span class='ocr_line' id='line_1_8' title="bbox 65 785 312 834; baseline 0.008 -2"><span class='ocrx_word' id='word_1_47' title='bbox 65 785 276 834; x_wconf 88' lang='lat' dir='ltr'><strong>dicamus</strong></span> <span class='ocrx_word' id='word_1_48' title='bbox 303 808 312 833; x_wconf 91' lang='lat'>:</span> 
     </span>
    </p>

    <p class='ocr_par' dir='ltr' id='par_1_3' title="bbox 66 864 1493 1323">
     <span class='ocr_line' id='line_1_9' title="bbox 138 864 1492 935; baseline 0.004 -24"><span class='ocrx_word' id='word_1_49' title='bbox 138 864 179 911; x_wconf 91' lang='grc' dir='ltr'><strong><em>Ο</em></strong></span> <span class='ocrx_word' id='word_1_50' title='bbox 223 865 438 924; x_wconf 80' lang='lat' dir='ltr'><strong>leoma,</strong></span> <span class='ocrx_word' id='word_1_51' title='bbox 479 866 660 912; x_wconf 76' lang='lat' dir='ltr'><em>Christi</em></span> <span class='ocrx_word' id='word_1_52' title='bbox 690 866 1013 932; x_wconf 74' lang='lat' dir='ltr'><strong>perlustrator</strong></span> <span class='ocrx_word' id='word_1_53' title='bbox 1041 867 1235 927; x_wconf 71' lang='lat' dir='ltr'><strong>lateris,</strong></span> <span class='ocrx_word' id='word_1_54' title='bbox 1269 887 1364 935; x_wconf 79' lang='lat' dir='ltr'><strong>per</strong></span> <span class='ocrx_word' id='word_1_55' title='bbox 1403 870 1492 916; x_wconf 77' lang='lat' dir='ltr'><strong>illa</strong></span> 
     </span>
     <span class='ocr_line' id='line_1_10' title="bbox 66 945 1491 1009; baseline 0.003 -19"><span class='ocrx_word' id='word_1_56' title='bbox 66 954 238 990; x_wconf 81' lang='lat' dir='ltr'><strong>sancta</strong></span> <span class='ocrx_word' id='word_1_57' title='bbox 269 955 312 991; x_wconf 84' lang='lat' dir='ltr'><strong>te</strong></span> <span class='ocrx_word' id='word_1_58' title='bbox 345 962 574 1009; x_wconf 79' lang='lat' dir='ltr'><em>rogamus</em></span> <span class='ocrx_word' id='word_1_59' title='bbox 602 945 830 1000; x_wconf 76' lang='lat' dir='ltr'><strong>vulnera,</strong></span> <span class='ocrx_word' id='word_1_60' title='bbox 863 963 971 1009; x_wconf 71' lang='lat' dir='ltr'><strong>quse</strong></span> <span class='ocrx_word' id='word_1_61' title='bbox 1001 946 1174 992; x_wconf 77' lang='lat' dir='ltr'><strong>mundi</strong></span> <span class='ocrx_word' id='word_1_62' title='bbox 1203 959 1378 995; x_wconf 75' lang='lat' dir='ltr'><strong>cancta</strong></span> <span class='ocrx_word' id='word_1_63' title='bbox 1409 948 1491 994; x_wconf 74' lang='lat' dir='ltr'><strong>di-</strong></span> 
     </span>
     <span class='ocr_line' id='line_1_11' title="bbox 68 1022 1488 1090; baseline 0.002 -21"><span class='ocrx_word' id='word_1_64' title='bbox 68 1022 255 1069; x_wconf 82' lang='lat' dir='ltr'><strong>luerunt</strong></span> <span class='ocrx_word' id='word_1_65' title='bbox 289 1025 496 1070; x_wconf 80' lang='lat' dir='ltr'><strong>crimina</strong></span> <span class='ocrx_word' id='word_1_66' title='bbox 523 1042 533 1068; x_wconf 91' lang='lat'><em>:</em></span> <span class='ocrx_word' id='word_1_67' title='bbox 570 1035 756 1070; x_wconf 78' lang='lat' dir='ltr'><strong>nostros</strong></span> <span class='ocrx_word' id='word_1_68' title='bbox 790 1035 949 1069; x_wconf 76' lang='lat' dir='ltr'><strong>reatus</strong></span> <span class='ocrx_word' id='word_1_69' title='bbox 976 1035 1101 1089; x_wconf 81' lang='lat' dir='ltr'><em>terge</em></span> <span class='ocrx_word' id='word_1_70' title='bbox 1127 1025 1219 1071; x_wconf 78' lang='lat' dir='ltr'><strong>tuis</strong></span> <span class='ocrx_word' id='word_1_71' title='bbox 1247 1025 1488 1090; x_wconf 76' lang='lat' dir='ltr'><strong>precibus.</strong></span> 
     </span>
     <span class='ocr_line' id='line_1_12' title="bbox 66 1101 1493 1167; baseline 0.002 -20"><span class='ocrx_word' id='word_1_72' title='bbox 66 1101 194 1148; x_wconf 75' lang='lat' dir='ltr'><strong>Dira</strong></span> <span class='ocrx_word' id='word_1_73' title='bbox 218 1103 444 1148; x_wconf 79' lang='lat' dir='ltr'><strong>sentimus</strong></span> <span class='ocrx_word' id='word_1_74' title='bbox 467 1113 786 1167; x_wconf 80' lang='lat' dir='ltr'><strong>peecatorum</strong></span> <span class='ocrx_word' id='word_1_75' title='bbox 815 1101 1040 1158; x_wconf 76' lang='lat' dir='ltr'><strong>vulnera,</strong></span> <span class='ocrx_word' id='word_1_76' title='bbox 1069 1120 1161 1167; x_wconf 79' lang='lat' dir='ltr'><strong>pro</strong></span> <span class='ocrx_word' id='word_1_77' title='bbox 1197 1102 1369 1167; x_wconf 75' lang='lat' dir='ltr'><strong>quibus</strong></span> <span class='ocrx_word' id='word_1_78' title='bbox 1396 1104 1493 1150; x_wconf 83' lang='lat' dir='ltr'><strong>da-</strong></span> 
     </span>
     <span class='ocr_line' id='line_1_13' title="bbox 67 1178 1489 1247; baseline 0.001 -22"><span class='ocrx_word' id='word_1_79' title='bbox 67 1198 171 1226; x_wconf 78' lang='lat' dir='ltr'><strong>mus</strong></span> <span class='ocrx_word' id='word_1_80' title='bbox 190 1181 333 1226; x_wconf 62' lang='lat' dir='ltr'><strong>anxii</strong></span> <span class='ocrx_word' id='word_1_81' title='bbox 349 1180 588 1246; x_wconf 78' lang='lat' dir='ltr'><strong>suspiria,</strong></span> <span class='ocrx_word' id='word_1_82' title='bbox 599 1178 781 1243; x_wconf 81' lang='lat' dir='ltr'><strong>flentes</strong></span> <span class='ocrx_word' id='word_1_83' title='bbox 805 1197 1000 1226; x_wconf 75' lang='lat' dir='ltr'><strong>oramus</strong></span> <span class='ocrx_word' id='word_1_84' title='bbox 1021 1199 1032 1225; x_wconf 80' lang='grc'><strong>.-</strong></span> <span class='ocrx_word' id='word_1_85' title='bbox 1048 1198 1144 1246; x_wconf 83' lang='lat' dir='ltr'><strong>pro</strong></span> <span class='ocrx_word' id='word_1_86' title='bbox 1169 1180 1307 1227; x_wconf 77' lang='lat' dir='ltr'><strong>nobis</strong></span> <span class='ocrx_word' id='word_1_87' title='bbox 1317 1193 1489 1247; x_wconf 81' lang='lat' dir='ltr'><strong>poten-</strong></span> 
     </span>
     <span class='ocr_line' id='line_1_14' title="bbox 68 1257 1327 1323; baseline 0.002 -20"><span class='ocrx_word' id='word_1_88' title='bbox 68 1258 137 1304; x_wconf 85' lang='lat' dir='ltr'><strong>tia</strong></span> <span class='ocrx_word' id='word_1_89' title='bbox 162 1258 284 1321; x_wconf 71' lang='lat' dir='ltr'><strong>off&#39;er</strong></span> <span class='ocrx_word' id='word_1_90' title='bbox 311 1258 527 1304; x_wconf 80' lang='lat' dir='ltr'><strong>Tonanti</strong></span> <span class='ocrx_word' id='word_1_91' title='bbox 549 1257 802 1304; x_wconf 80' lang='lat' dir='ltr'><strong>clementer</strong></span> <span class='ocrx_word' id='word_1_92' title='bbox 819 1260 1123 1323; x_wconf 81' lang='lat' dir='ltr'><strong>precamina.</strong></span> <span class='ocrx_word' id='word_1_93' title='bbox 1152 1261 1327 1305; x_wconf 84' lang='lat' dir='ltr'><strong>Amen.</strong></span> 
     </span>
    </p>

    <p class='ocr_par' dir='ltr' id='par_1_4' title="bbox 52 1335 1494 2241">
     <span class='ocr_line' id='line_1_15' title="bbox 132 1335 1491 1401; baseline 0.001 -19"><span class='ocrx_word' id='word_1_94' title='bbox 132 1336 221 1382; x_wconf 86' lang='lat' dir='ltr'><strong>IX.</strong></span> <span class='ocrx_word' id='word_1_95' title='bbox 272 1335 650 1384; x_wconf 64' lang='lat' dir='ltr'><strong>Bartholomaeus</strong></span> <span class='ocrx_word' id='word_1_96' title='bbox 696 1336 874 1401; x_wconf 68' lang='lat' dir='ltr'><strong>Syrum</strong></span> <span class='ocrx_word' id='word_1_97' title='bbox 917 1346 1018 1392; x_wconf 87' lang='lat' dir='ltr'><strong>est,</strong></span> <span class='ocrx_word' id='word_1_98' title='bbox 1060 1347 1106 1383; x_wconf 92' lang='lat' dir='ltr'><strong>et</strong></span> <span class='ocrx_word' id='word_1_99' title='bbox 1148 1337 1491 1401; x_wconf 80' lang='lat' dir='ltr'><strong>interpretatur</strong></span> 
     </span>
     <span class='ocr_line' id='line_1_16' title="bbox 52 1412 1491 1479; baseline 0.001 -19"><span class='ocrx_word' id='word_1_100' title='bbox 52 1412 197 1477; x_wconf 80' lang='lat' dir='ltr'><strong>filius</strong></span> <span class='ocrx_word' id='word_1_101' title='bbox 220 1413 556 1479; x_wconf 76' lang='lat' dir='ltr'><strong>suspendentis</strong></span> <span class='ocrx_word' id='word_1_102' title='bbox 578 1431 752 1477; x_wconf 76' lang='lat' dir='ltr'><strong>aquas.</strong></span> <span class='ocrx_word' id='word_1_103' title='bbox 782 1413 868 1458; x_wconf 91' lang='lat' dir='ltr'><strong>Hic</strong></span> <span class='ocrx_word' id='word_1_104' title='bbox 903 1413 950 1458; x_wconf 90' lang='lat' dir='ltr'><strong>in</strong></span> <span class='ocrx_word' id='word_1_105' title='bbox 978 1424 1105 1459; x_wconf 84' lang='lat' dir='ltr'><strong>sorte</strong></span> <span class='ocrx_word' id='word_1_106' title='bbox 1139 1413 1491 1477; x_wconf 63' lang='lat' dir='ltr'><strong>praedicationis</strong></span> 
     </span>
     <span class='ocr_line' id='line_1_17' title="bbox 67 1490 1492 1557; baseline 0.001 -20"><span class='ocrx_word' id='word_1_107' title='bbox 67 1492 355 1557; x_wconf 84' lang='lat' dir='ltr'><strong>Lycaoniam</strong></span> <span class='ocrx_word' id='word_1_108' title='bbox 381 1491 586 1556; x_wconf 87' lang='lat' dir='ltr'><strong>accepit,</strong></span> <span class='ocrx_word' id='word_1_109' title='bbox 611 1490 780 1538; x_wconf 91' lang='lat' dir='ltr'><strong>deinde</strong></span> <span class='ocrx_word' id='word_1_110' title='bbox 803 1491 850 1537; x_wconf 94' lang='lat' dir='ltr'><strong>in</strong></span> <span class='ocrx_word' id='word_1_111' title='bbox 873 1491 1063 1556; x_wconf 86' lang='lat' dir='ltr'><strong>Assyria</strong></span> <span class='ocrx_word' id='word_1_112' title='bbox 1090 1501 1136 1538; x_wconf 88' lang='lat' dir='ltr'><strong>et</strong></span> <span class='ocrx_word' id='word_1_113' title='bbox 1167 1493 1328 1538; x_wconf 88' lang='lat' dir='ltr'><strong>Tertia</strong></span> <span class='ocrx_word' id='word_1_114' title='bbox 1360 1492 1492 1540; x_wconf 86' lang='lat' dir='ltr'><strong>India</strong></span> 
     </span>
     <span class='ocr_line' id='line_1_18' title="bbox 68 1566 1493 1634; baseline 0.001 -20"><span class='ocrx_word' id='word_1_115' title='bbox 68 1568 420 1634; x_wconf 82' lang='lat' dir='ltr'><strong>evangelizavit.</strong></span> <span class='ocrx_word' id='word_1_116' title='bbox 448 1567 522 1615; x_wconf 87' lang='lat' dir='ltr'><strong>Ad</strong></span> <span class='ocrx_word' id='word_1_117' title='bbox 548 1567 776 1614; x_wconf 85' lang='lat' dir='ltr'><strong>ultimum</strong></span> <span class='ocrx_word' id='word_1_118' title='bbox 802 1568 850 1613; x_wconf 92' lang='lat' dir='ltr'><strong>in</strong></span> <span class='ocrx_word' id='word_1_119' title='bbox 883 1566 1071 1614; x_wconf 87' lang='lat' dir='ltr'><strong>Albano</strong></span> <span class='ocrx_word' id='word_1_120' title='bbox 1097 1569 1288 1632; x_wconf 84' lang='lat' dir='ltr'><strong>majoris</strong></span> <span class='ocrx_word' id='word_1_121' title='bbox 1317 1569 1493 1616; x_wconf 86' lang='lat' dir='ltr'><strong>Arme·-</strong></span> 
     </span>
     <span class='ocr_line' id='line_1_19' title="bbox 68 1643 1494 1710; baseline 0 -18"><span class='ocrx_word' id='word_1_122' title='bbox 68 1646 162 1693; x_wconf 87' lang='lat' dir='ltr'><strong>niae</strong></span> <span class='ocrx_word' id='word_1_123' title='bbox 180 1644 298 1693; x_wconf 89' lang='lat' dir='ltr'><strong>urbe</strong></span> <span class='ocrx_word' id='word_1_124' title='bbox 316 1645 478 1693; x_wconf 86' lang='lat' dir='ltr'><strong>vivens</strong></span> <span class='ocrx_word' id='word_1_125' title='bbox 500 1655 566 1691; x_wconf 90' lang='lat' dir='ltr'><strong>est</strong></span> <span class='ocrx_word' id='word_1_126' title='bbox 589 1662 614 1691; x_wconf 92' lang='lat' dir='ltr'><strong>a</strong></span> <span class='ocrx_word' id='word_1_127' title='bbox 638 1643 855 1690; x_wconf 86' lang='lat' dir='ltr'><strong>Barbaris</strong></span> <span class='ocrx_word' id='word_1_128' title='bbox 882 1643 1172 1702; x_wconf 85' lang='lat' dir='ltr'><strong>decoriatus,</strong></span> <span class='ocrx_word' id='word_1_129' title='bbox 1201 1656 1342 1710; x_wconf 90' lang='lat' dir='ltr'><strong>atque</strong></span> <span class='ocrx_word' id='word_1_130' title='bbox 1359 1647 1494 1709; x_wconf 89' lang='lat' dir='ltr'><strong>jussu</strong></span> 
     </span>
     <span class='ocr_line' id='line_1_20' title="bbox 68 1723 1494 1789; baseline -0.001 -18"><span class='ocrx_word' id='word_1_131' title='bbox 68 1724 189 1789; x_wconf 80' lang='lat' dir='ltr'><strong>regis</strong></span> <span class='ocrx_word' id='word_1_132' title='bbox 208 1723 425 1789; x_wconf 84' lang='lat' dir='ltr'><strong>Astyagis</strong></span> <span class='ocrx_word' id='word_1_133' title='bbox 438 1723 720 1779; x_wconf 86' lang='lat' dir='ltr'><strong>decollatus;</strong></span> <span class='ocrx_word' id='word_1_134' title='bbox 744 1723 903 1788; x_wconf 86' lang='lat' dir='ltr'><strong>sicque</strong></span> <span class='ocrx_word' id='word_1_135' title='bbox 923 1731 993 1769; x_wconf 87' lang='lat' dir='ltr'><strong>1x⁰</strong></span> <span class='ocrx_word' id='word_1_136' title='bbox 1011 1723 1101 1769; x_wconf 85' lang='lat' dir='ltr'><strong>kal.</strong></span> <span class='ocrx_word' id='word_1_137' title='bbox 1124 1723 1404 1788; x_wconf 85' lang='lat' dir='ltr'><strong>septembris</strong></span> <span class='ocrx_word' id='word_1_138' title='bbox 1423 1735 1494 1771; x_wconf 89' lang='lat' dir='ltr'><strong>est</strong></span> 
     </span>
     <span class='ocr_line' id='line_1_21' title="bbox 70 1801 1492 1866; baseline 0.001 -18"><span class='ocrx_word' id='word_1_139' title='bbox 70 1813 210 1850; x_wconf 86' lang='lat' dir='ltr'><strong>terrae</strong></span> <span class='ocrx_word' id='word_1_140' title='bbox 241 1801 479 1849; x_wconf 88' lang='lat' dir='ltr'><strong>conditus.</strong></span> <span class='ocrx_word' id='word_1_141' title='bbox 509 1803 657 1865; x_wconf 89' lang='lat' dir='ltr'><strong>Hujus</strong></span> <span class='ocrx_word' id='word_1_142' title='bbox 685 1803 1050 1847; x_wconf 84' lang='lat' dir='ltr'><strong>sacratissimum</strong></span> <span class='ocrx_word' id='word_1_143' title='bbox 1081 1819 1254 1865; x_wconf 86' lang='lat' dir='ltr'><strong>corpus</strong></span> <span class='ocrx_word' id='word_1_144' title='bbox 1279 1803 1492 1866; x_wconf 90' lang='lat' dir='ltr'><strong>primum</strong></span> 
     </span>
     <span class='ocr_line' id='line_1_22' title="bbox 69 1877 1491 1943; baseline -0.001 -15"><span class='ocrx_word' id='word_1_145' title='bbox 69 1880 127 1928; x_wconf 91' lang='lat' dir='ltr'><strong>ad</strong></span> <span class='ocrx_word' id='word_1_146' title='bbox 164 1880 365 1926; x_wconf 91' lang='lat' dir='ltr'><strong>insulam</strong></span> <span class='ocrx_word' id='word_1_147' title='bbox 399 1879 643 1943; x_wconf 74' lang='lat' dir='ltr'><strong>Lippari5‚</strong></span> <span class='ocrx_word' id='word_1_148' title='bbox 678 1877 847 1925; x_wconf 89' lang='lat' dir='ltr'><strong>deinde</strong></span> <span class='ocrx_word' id='word_1_149' title='bbox 878 1878 1231 1935; x_wconf 80' lang='lat' dir='ltr'><strong>Beneventum,</strong></span> <span class='ocrx_word' id='word_1_150' title='bbox 1270 1896 1398 1926; x_wconf 91' lang='lat' dir='ltr'><strong>anno</strong></span> <span class='ocrx_word' id='word_1_151' title='bbox 1433 1879 1491 1926; x_wconf 85' lang='lat' dir='ltr'><strong>ab</strong></span> 
     </span>
     <span class='ocr_line' id='line_1_23' title="bbox 72 1955 1489 2019; baseline -0.002 -14"><span class='ocrx_word' id='word_1_152' title='bbox 72 1957 398 2005; x_wconf 85' lang='lat' dir='ltr'><strong>incarnatione</strong></span> <span class='ocrx_word' id='word_1_153' title='bbox 421 1956 612 2003; x_wconf 87' lang='lat' dir='ltr'><strong>Domini</strong></span> <span class='ocrx_word' id='word_1_154' title='bbox 636 1965 826 2002; x_wconf 81' lang='lat' dir='ltr'><strong>Dccc1x0</strong></span> <span class='ocrx_word' id='word_1_155' title='bbox 850 1956 1130 2001; x_wconf 85' lang='lat' dir='ltr'><strong>translatum</strong></span> <span class='ocrx_word' id='word_1_156' title='bbox 1146 1991 1156 2010; x_wconf 90' lang='lat'>,</span> <span class='ocrx_word' id='word_1_157' title='bbox 1185 1956 1259 2019; x_wconf 89' lang='lat' dir='ltr'><strong>pia</strong></span> <span class='ocrx_word' id='word_1_158' title='bbox 1286 1955 1489 2003; x_wconf 89' lang='lat' dir='ltr'><strong>honora-</strong></span> 
     </span>
     <span class='ocr_line' id='line_1_24' title="bbox 73 2033 1491 2097; baseline -0.002 -15"><span class='ocrx_word' id='word_1_159' title='bbox 73 2047 152 2082; x_wconf 91' lang='lat' dir='ltr'><strong>tur</strong></span> <span class='ocrx_word' id='word_1_160' title='bbox 170 2035 475 2082; x_wconf 82' lang='lat' dir='ltr'><strong>veneratione</strong></span> <span class='ocrx_word' id='word_1_161' title='bbox 495 2033 723 2080; x_wconf 83' lang='lat' dir='ltr'><strong>fidelium.</strong></span> <span class='ocrx_word' id='word_1_162' title='bbox 746 2033 886 2079; x_wconf 86' lang='lat' dir='ltr'><strong>Nunc</strong></span> <span class='ocrx_word' id='word_1_163' title='bbox 909 2042 1057 2079; x_wconf 86' lang='lat' dir='ltr'><strong>totam</strong></span> <span class='ocrx_word' id='word_1_164' title='bbox 1077 2033 1245 2080; x_wconf 89' lang='lat' dir='ltr'><strong>seriem</strong></span> <span class='ocrx_word' id='word_1_165' title='bbox 1264 2034 1491 2097; x_wconf 85' lang='lat' dir='ltr'><strong>passionis</strong></span> 
     </span>
     <span class='ocr_line' id='line_1_25' title="bbox 73 2110 1491 2178; baseline -0.003 -17"><span class='ocrx_word' id='word_1_166' title='bbox 73 2116 170 2178; x_wconf 89' lang='lat' dir='ltr'><strong>ejus</strong></span> <span class='ocrx_word' id='word_1_167' title='bbox 186 2113 304 2161; x_wconf 89' lang='lat' dir='ltr'><strong>libet</strong></span> <span class='ocrx_word' id='word_1_168' title='bbox 321 2113 520 2160; x_wconf 86' lang='lat' dir='ltr'><strong>solerter</strong></span> <span class='ocrx_word' id='word_1_169' title='bbox 538 2112 728 2168; x_wconf 85' lang='lat' dir='ltr'><strong>rimari,</strong></span> <span class='ocrx_word' id='word_1_170' title='bbox 751 2121 796 2158; x_wconf 89' lang='lat' dir='ltr'><strong>et</strong></span> <span class='ocrx_word' id='word_1_171' title='bbox 816 2129 870 2158; x_wconf 78' lang='lat' dir='ltr'><strong>ex</strong></span> <span class='ocrx_word' id='word_1_172' title='bbox 891 2112 1098 2176; x_wconf 84' lang='lat' dir='ltr'><strong>antiquis</strong></span> <span class='ocrx_word' id='word_1_173' title='bbox 1122 2110 1362 2158; x_wconf 81' lang='lat' dir='ltr'><strong>codicibus</strong></span> <span class='ocrx_word' id='word_1_174' title='bbox 1383 2111 1491 2158; x_wconf 88' lang='lat' dir='ltr'><strong>huic</strong></span> 
     </span>
     <span class='ocr_line' id='line_1_26' title="bbox 73 2190 1016 2241; baseline -0.006 -1"><span class='ocrx_word' id='word_1_175' title='bbox 73 2203 250 2241; x_wconf 82' lang='lat' dir='ltr'><strong>nostrae</strong></span> <span class='ocrx_word' id='word_1_176' title='bbox 274 2191 483 2239; x_wconf 83' lang='lat' dir='ltr'><strong>breviter</strong></span> <span class='ocrx_word' id='word_1_177' title='bbox 509 2192 712 2238; x_wconf 87' lang='lat' dir='ltr'><strong>inserere</strong></span> <span class='ocrx_word' id='word_1_178' title='bbox 735 2190 1016 2237; x_wconf 87' lang='lat' dir='ltr'><strong>narrationi.</strong></span> 
     </span>
    </p>

    <p class='ocr_par' dir='ltr' id='par_1_5' title="bbox 76 2266 1492 2494">
     <span class='ocr_line' id='line_1_27' title="bbox 140 2266 1492 2332; baseline -0.004 -14"><span class='ocrx_word' id='word_1_179' title='bbox 140 2270 287 2318; x_wconf 86' lang='lat' dir='ltr'><strong>lndiae</strong></span> <span class='ocrx_word' id='word_1_180' title='bbox 328 2281 420 2317; x_wconf 85' lang='lat' dir='ltr'><strong>tres</strong></span> <span class='ocrx_word' id='word_1_181' title='bbox 459 2286 552 2316; x_wconf 88' lang='lat' dir='ltr'><strong>csse</strong></span> <span class='ocrx_word' id='word_1_182' title='bbox 587 2267 645 2314; x_wconf 86' lang='lat' dir='ltr'><strong>ab</strong></span> <span class='ocrx_word' id='word_1_183' title='bbox 680 2266 1070 2332; x_wconf 81' lang='lat' dir='ltr'><strong>historiographis</strong></span> <span class='ocrx_word' id='word_1_184' title='bbox 1105 2277 1401 2324; x_wconf 87' lang='lat' dir='ltr'><strong>asseruntur,</strong></span> <span class='ocrx_word' id='word_1_185' title='bbox 1444 2268 1492 2313; x_wconf 91' lang='lat' dir='ltr'><strong>in</strong></span> 
     </span>
     <span class='ocr_line' id='line_1_28' title="bbox 76 2344 1488 2416; baseline -0.004 -19"><span class='ocrx_word' id='word_1_186' title='bbox 76 2349 248 2416; x_wconf 89' lang='lat' dir='ltr'><strong>quibus</strong></span> <span class='ocrx_word' id='word_1_187' title='bbox 287 2349 542 2396; x_wconf 86' lang='lat' dir='ltr'><strong>traduntur</strong></span> <span class='ocrx_word' id='word_1_188' title='bbox 572 2347 713 2393; x_wconf 85' lang='lat' dir='ltr'><strong>fuisse</strong></span> <span class='ocrx_word' id='word_1_189' title='bbox 746 2345 1034 2411; x_wconf 87' lang='lat' dir='ltr'><strong>oppidorum</strong></span> <span class='ocrx_word' id='word_1_190' title='bbox 1068 2347 1279 2410; x_wconf 89' lang='lat' dir='ltr'><strong>quinque</strong></span> <span class='ocrx_word' id='word_1_191' title='bbox 1313 2344 1488 2402; x_wconf 82' lang='lat' dir='ltr'><strong>millia,</strong></span> 
     </span>
     <span class='ocr_line' id='line_1_29' title="bbox 78 2423 1489 2494; baseline -0.005 -18"><span class='ocrx_word' id='word_1_192' title='bbox 78 2428 366 2494; x_wconf 86' lang='lat' dir='ltr'><strong>populorum</strong></span> <span class='ocrx_word' id='word_1_193' title='bbox 407 2443 519 2473; x_wconf 80' lang='lat' dir='ltr'><strong>vero</strong></span> <span class='ocrx_word' id='word_1_194' title='bbox 553 2442 726 2472; x_wconf 75' lang='lat' dir='ltr'><strong>novem</strong></span> <span class='ocrx_word' id='word_1_195' title='bbox 760 2424 906 2470; x_wconf 89' lang='lat' dir='ltr'><strong>millia</strong></span> <span class='ocrx_word' id='word_1_196' title='bbox 943 2425 1035 2487; x_wconf 87' lang='lat'>(1).</span> <span class='ocrx_word' id='word_1_197' title='bbox 1073 2424 1229 2470; x_wconf 90' lang='lat' dir='ltr'><strong>Prima</strong></span> <span class='ocrx_word' id='word_1_198' title='bbox 1268 2423 1398 2470; x_wconf 89' lang='lat' dir='ltr'><strong>India</strong></span> <span class='ocrx_word' id='word_1_199' title='bbox 1434 2423 1489 2469; x_wconf 88' lang='lat' dir='ltr'><strong>ad</strong></span> 
     </span>
    </p>
   </div>
   <div class='ocr_carea' id='block_1_3' title="bbox 80 2633 1491 2804">
    <p class='ocr_par' dir='ltr' id='par_1_6' title="bbox 80 2633 1491 2804">
     <span class='ocr_line' id='line_1_30' title="bbox 125 2633 1491 2686; baseline -0.006 -11"><span class='ocrx_word' id='word_1_200' title='bbox 125 2641 174 2684; x_wconf 82' lang='grc' dir='ltr'><strong>(ι)</strong></span> <span class='ocrx_word' id='word_1_201' title='bbox 200 2640 261 2675; x_wconf 91' lang='lat' dir='ltr'><strong>On</strong></span> <span class='ocrx_word' id='word_1_202' title='bbox 281 2651 326 2673; x_wconf 89' lang='lat' dir='ltr'><strong>ne</strong></span> <span class='ocrx_word' id='word_1_203' title='bbox 346 2645 432 2686; x_wconf 83' lang='lat' dir='ltr'><strong>peut</strong></span> <span class='ocrx_word' id='word_1_204' title='bbox 451 2638 567 2672; x_wconf 81' lang='lat' dir='ltr'><strong>croire</strong></span> <span class='ocrx_word' id='word_1_205' title='bbox 586 2634 807 2683; x_wconf 79' lang='lat' dir='ltr'><strong>qn&#39;Ordcric</strong></span> <span class='ocrx_word' id='word_1_206' title='bbox 828 2634 926 2670; x_wconf 57' lang='lat' dir='ltr'><strong>vital</strong></span> <span class='ocrx_word' id='word_1_207' title='bbox 946 2635 997 2668; x_wconf 81' lang='lat' dir='ltr'><strong>ait</strong></span> <span class='ocrx_word' id='word_1_208' title='bbox 1018 2634 1124 2668; x_wconf 73' lang='lat' dir='ltr'><strong>vouln</strong></span> <span class='ocrx_word' id='word_1_209' title='bbox 1145 2634 1264 2681; x_wconf 72' lang='lat' dir='ltr'><strong>placer</strong></span> <span class='ocrx_word' id='word_1_210' title='bbox 1283 2634 1373 2668; x_wconf 74' lang='lat' dir='ltr'><strong>neus</strong></span> <span class='ocrx_word' id='word_1_211' title='bbox 1394 2633 1491 2667; x_wconf 72' lang='lat' dir='ltr'><strong>inille</strong></span> 
     </span>
     <span class='ocr_line' id='line_1_31' title="bbox 80 2693 1490 2742; baseline -0.009 -6"><span class='ocrx_word' id='word_1_212' title='bbox 80 2700 263 2735; x_wconf 79' lang='lat' dir='ltr'><strong>habitants</strong></span> <span class='ocrx_word' id='word_1_213' title='bbox 281 2699 482 2735; x_wconf 80' lang='lat' dir='ltr'><strong>seulement</strong></span> <span class='ocrx_word' id='word_1_214' title='bbox 499 2697 587 2733; x_wconf 82' lang='lat' dir='ltr'><strong>dans</strong></span> <span class='ocrx_word' id='word_1_215' title='bbox 606 2710 676 2732; x_wconf 85' lang='lat' dir='ltr'><strong>une</strong></span> <span class='ocrx_word' id='word_1_216' title='bbox 701 2697 848 2730; x_wconf 77' lang='lat' dir='ltr'><strong>contree</strong></span> <span class='ocrx_word' id='word_1_217' title='bbox 867 2695 930 2742; x_wconf 83' lang='lat' dir='ltr'><strong>qui</strong></span> <span class='ocrx_word' id='word_1_218' title='bbox 951 2696 1067 2729; x_wconf 72' lang='lat' dir='ltr'><strong>aun-ait</strong></span> <span class='ocrx_word' id='word_1_219' title='bbox 1090 2695 1270 2729; x_wconf 76' lang='lat' dir='ltr'><strong>renserme</strong></span> <span class='ocrx_word' id='word_1_220' title='bbox 1292 2694 1374 2740; x_wconf 83' lang='lat' dir='ltr'><strong>cinq</strong></span> <span class='ocrx_word' id='word_1_221' title='bbox 1393 2693 1490 2727; x_wconf 71' lang='lat' dir='ltr'><strong>milla·</strong></span> 
     </span>
     <span class='ocr_line' id='line_1_32' title="bbox 83 2753 1489 2804; baseline -0.006 -12"><span class='ocrx_word' id='word_1_222' title='bbox 83 2758 193 2794; x_wconf 76' lang='lat' dir='ltr'><strong>villos.</strong></span> <span class='ocrx_word' id='word_1_223' title='bbox 214 2759 276 2794; x_wconf 80' lang='lat' dir='ltr'><strong>S&#39;il</strong></span> <span class='ocrx_word' id='word_1_224' title='bbox 296 2772 314 2793; x_wconf 80' lang='lat' dir='ltr'><strong>a</strong></span> <span class='ocrx_word' id='word_1_225' title='bbox 338 2757 498 2793; x_wconf 81' lang='lat' dir='ltr'><strong>entendu</strong></span> <span class='ocrx_word' id='word_1_226' title='bbox 526 2756 645 2804; x_wconf 76' lang='lat' dir='ltr'><strong>parler</strong></span> <span class='ocrx_word' id='word_1_227' title='bbox 671 2755 714 2789; x_wconf 83' lang='lat' dir='ltr'><strong>dc</strong></span> <span class='ocrx_word' id='word_1_228' title='bbox 740 2754 829 2790; x_wconf 77' lang='lat' dir='ltr'><strong>neus</strong></span> <span class='ocrx_word' id='word_1_229' title='bbox 853 2753 951 2789; x_wconf 71' lang='lat' dir='ltr'><strong>millo</strong></span> <span class='ocrx_word' id='word_1_230' title='bbox 976 2755 1135 2792; x_wconf 66' lang='lat' dir='ltr'><strong>nations,</strong></span> <span class='ocrx_word' id='word_1_231' title='bbox 1165 2753 1418 2796; x_wconf 70' lang='lat' dir='ltr'><strong>l‘exageration</strong></span> <span class='ocrx_word' id='word_1_232' title='bbox 1448 2764 1489 2785; x_wconf 73' lang='lat' dir='ltr'><strong>nc</strong></span> 
     </span>
    </p>
   </div>
   <div class='ocr_carea' id='block_1_4' title="bbox 184 2831 1289 2864">
    <p class='ocr_par' dir='ltr' id='par_1_7' title="bbox 184 2831 1289 2864">
     <span class='ocr_line' id='line_1_33' title="bbox 184 2831 1289 2864; baseline -0.007 0"><span class='ocrx_word' id='word_1_233' title='bbox 184 2839 212 2864; x_wconf 92' lang='grc' dir='ltr'><strong>Ι.</strong></span> <span class='ocrx_word' id='word_1_234' title='bbox 1244 2831 1289 2856; x_wconf 83' lang='grc' dir='ltr'><strong>”.).Ι</strong></span> 
     </span>
    </p>
   </div>
  </div>
 </body>
</html>
