1738 3043
164 229 213 264 78
532 223 770 261 HISTORIA
801 222 1202 262 ECCLESIASTICA.

163 307 291 371 quod
313 323 395 370 per
413 302 637 350 invidiam
661 302 957 350 tradidissent
980 319 1106 350 eum.
1138 305 1190 350 In
1215 304 1290 352 die
1313 305 1435 352 festo
1458 323 1574 355 con-

166 394 378 432 sueverat
421 400 594 446 praeses
637 399 786 428 unum
826 382 1067 430 dimittere
1111 384 1326 430 vinctum
1365 385 1572 450 populo,

165 479 306 527 quem
327 461 601 507 voluissent.
621 460 924 526 congregatis
940 470 1096 508 autem
1118 460 1225 522 illis,
1247 460 1395 508 dixit:
1423 463 1577 528 Quem

167 541 314 588 vultis
334 539 575 585 dimittam
599 538 761 595 vobis,
794 538 1099 597 Barabbam,
1126 558 1190 585 (ιη
1209 540 1249 586 J
1247 557 1379 587 esum
1397 542 1484 606 qui
1504 541 1579 588 di-

171 620 296 664 citur
320 615 571 664 Christus?
600 615 840 679 Principes
863 627 1016 663 autem
1044 617 1339 664 sacerdotum
1361 628 1409 666 et
1434 619 1582 667 senio-

171 714 242 743 res
260 703 591 760 persuaserunt
609 693 796 757 populis
816 703 868 739 ut
887 704 1103 758 peterent
1121 692 1379 741 Barabbam
1391 731 1404 753 ‚
1422 697 1580 743 Jesum

171 791 285 821 xero
309 773 577 838 perderent.
609 773 717 817 Erat
749 782 904 818 autem
930 771 1163 818 Barahbas
1202 772 1322 820 latro
1358 773 1579 838 insignis,

171 853 252 918 qui
285 861 483 916 propter
508 849 786 897 seditionem
818 850 986 895 factam
1014 849 1060 895 in
1089 850 1276 897 civitate
1311 861 1358 898 et
1390 850 1586 898 homici-

171 931 327 987 dium,
349 929 513 974 missus
534 938 633 973 erat
654 927 699 972 in
720 944 971 973 carcerem.
992 927 1165 973 Praesos
1183 928 1248 972 ait
1268 946 1277 970 ε
1307 928 1462 991 Quem
1481 927 1585 974 vul-

175 1011 235 1055 tis
256 1007 393 1054 vobis
414 1005 475 1052 de.
493 1005 681 1052 duobus
705 1003 920 1050 dinzittz'?
942 1004 1003 1050 At
1025 1005 1089 1050 illi
1111 1005 1336 1051 dixerunt
1359 1026 1368 1051 :
1391 1005 1588 1053 Barab-

176 1086 303 1132 bam.
330 1084 456 1130 Dicit
483 1083 572 1128 illis
596 1082 771 1127 Pilatus
793 1101 801 1126 :
829 1081 965 1145 Quid
987 1081 1341 1145 z'gitursaciam
1362 1082 1424 1128 de
1443 1087 1584 1140 lesu,

174 1164 259 1228 qni
287 1162 469 1208 dicitnr
506 1158 758 1205 Chr-Liscus?
796 1158 970 1204 Dicunt
1002 1175 1166 1205 omnes
1194 1177 1204 1201 τ
1243 1158 1584 1224 Cruczflgatur.

178 1239 258 1286 Ait
287 1238 377 1284 illis
396 1253 568 1301 praeses
598 1255 609 1281 :
646 1234 784 1299 Quid
815 1237 939 1280 enim
971 1233 1269 1298 malc'secz‘t?
1305 1241 1364 1280 At
1399 1234 1466 1281 illi
1495 1251 1591 1281 ma-

175 1320 244 1381 gis
272 1315 561 1369 clamabant,
589 1313 798 1360 dicentes
822 1334 831 1358 :
864 1313 1206 1378 Frueifigntur.
1228 1313 1405 1360 Videns
1431 1323 1591 1361 autem

176 1396 353 1443 Pilatus
380 1393 489 1458 quia
522 1391 639 1438 nihil
664 1390 945 1455 proliceret,
972 1391 1051 1437 sed
1075 1391 1220 1456 magis
1255 1391 1486 1438 tumultus
1510 1390 1591 1439 fie-

178 1483 278 1528 ret3
301 1480 485 1534 accepta
507 1487 648 1534 aqua,
676 1468 789 1514 lavit
807 1485 972 1514 manus
991 1485 1150 1515 coram
1174 1469 1380 1532 populo,
1405 1468 1588 1516 dicens:

181 1552 416 1597 Innocens
441 1565 530 1611 ego
555 1564 661 1593 sum
689 1563 721 1592 a
747 1547 982 1610 sanguine
998 1547 1126 1611 justi
1145 1545 1322 1611 hujus;
1348 1564 1435 1594 vos
1454 1546 1593 1593 vide-

178 1631 299 1676 ritis.
330 1628 392 1673 Et
418 1624 665 1689 respondit
698 1625 942 1671 universus
972 1625 1175 1688 populus
1203 1643 1212 1668 :
1244 1626 1459 1690 Sanguis
1487 1626 1593 1691 ejus

179 1723 418 1772 supernos
430 1715 472 1749 et
486 1702 769 1769 supersilios
784 1713 982 1748 nostros.
998 1704 1134 1748 Tunc
1146 1703 1319 1749 Pilatus
1331 1702 1594 1750 Barabbam

182 1784 272 1829 illis
306 1781 510 1837 dimisit,
549 1781 707 1826 Jesum
738 1797 851 1827 vero
885 1778 1197 1844 apprehendit
1240 1791 1286 1827 et
1323 1779 1591 1845 flagellavit.

179 1862 384 1906 Joannes
415 1858 563 1904 refert
591 1856 719 1921 quod
746 1867 860 1902 tunc
891 1856 1064 1903 milites
1087 1856 1346 1921 plectentes
1368 1874 1597 1904 coronam

179 1938 236 1985 de
267 1936 413 2000 spinis
445 1935 585 1998 capiti
615 1936 711 1997 ejus
739 1935 1093 1997 imposuerunt,
1127 1944 1174 1981 et
1204 1944 1329 1981 veste
1359 1950 1598 1999 purpurea

180 2033 289 2063 eum
321 2011 758 2061 circumdederunt.
799 2016 858 2057 Et
888 2010 1142 2059 veniebant
1163 2011 1220 2058 ad
1249 2029 1357 2059 eum
1388 2021 1436 2059 et
1467 2011 1598 2058 dice-

179 2093 297 2140 bant
319 2111 328 2137 :
353 2095 467 2146 Ave,
491 2109 576 2138 rex
593 2090 899 2137 Judaeorum.
929 2090 994 2136 Et
1015 2088 1191 2136 dabant
1210 2091 1249 2137 ei
1277 2090 1445 2153 alapas.
1471 2089 1599 2137 Exiit

184 2173 356 2219 iterum
383 2171 557 2216 Pilatus
586 2169 711 2215 foras
745 2178 792 2215 et
818 2168 940 2214 dixit
963 2168 1026 2212 eis
1062 2187 1071 2212 :
1108 2168 1240 2213 Ecce
1265 2167 1461 2214 adduco
1491 2184 1599 2213 eum

183 2249 473 2311 vobisjoras
486 2285 500 2303 ‚
524 2258 572 2292 ιιι
591 2246 895 2308 cognoscatis
915 2246 1030 2308 quia
1049 2246 1098 2289 in
1114 2262 1168 2290 eo
1188 2244 1373 2290 nullam
1397 2262 1599 2291 causam

185 2327 388 2372 invenio.
419 2324 549 2370 Exiit
572 2339 684 2386 ergo
713 2323 843 2368 Jesus
860 2356 873 2377 ,
909 2330 1104 2385 portans
1128 2322 1338 2384 spineam
1369 2338 1597 2369 coronam

184 2415 231 2451 et
252 2419 548 2468 purpureum
568 2401 921 2447 vestimentum.
949 2400 1013 2445 Et
1035 2399 1155 2445 dixit
1174 2400 1237 2446 eis
1257 2420 1266 2446 :
1288 2400 1421 2447 Ecce
1440 2399 1594 2447 homo.

183 2482 302 2528 Cum
335 2497 448 2543 ergo
480 2478 706 2524 vidissent
740 2495 847 2524 eum
879 2476 1129 2542 pontifices
1161 2488 1209 2525 et
1239 2477 1470 2534 ministri,
1497 2477 1598 2523 clav

184 2557 378 2604 mabant
399 2555 607 2602 dicentes
631 2575 640 2601 :
676 2554 943 2619 Crucifige,
972 2553 1199 2619 cruetfige
1220 2571 1343 2601 eum.
1376 2553 1506 2600 Dixit
1533 2553 1597 2599 eis

186 2635 362 2681 Pilatus
397 2654 406 2679 :
442 2634 666 2698 Accipite
698 2649 803 2678 eum
839 2650 924 2679 vos
961 2644 1004 2678 et
1037 2632 1327 2697 crucifigite,-
1357 2648 1446 2695 ego
1471 2631 1598 2677 enim

190 2731 283 2760 non
306 2713 488 2759 invenio
513 2728 710 2757 cansam
738 2712 784 2755 in
812 2728 883 2756 eo.
909 2709 1272 2773 Responderunt
1290 2708 1438 2754 Judaei
1464 2729 1472 2753 :
1493 2707 1597 2754 Nos
