1738 3043
267 279 337 318 17⁴
623 275 865 315 nlsTORlA
897 273 1299 313 ECCLESIASTICA.

326 355 584 406 Gerbertus
610 355 657 401 in
682 354 854 401 divinis
876 363 923 401 et
945 352 1246 400 saecularibus
1263 350 1395 398 libris
1411 351 1669 400 eruditissi-

261 453 365 483 mus
384 434 406 480 s
405 435 473 480 uit
486 469 497 489 ‚
515 444 562 481 et
578 433 624 479 in
641 449 720 480 sua
737 432 893 481 schola
907 432 1113 479 famosos
1124 441 1171 478 et
1184 430 1406 477 sublimes
1418 429 1671 495 discipulos

263 512 454 561 habuit:
478 509 775 559 Rodbertum
798 508 977 558 scilicet
999 527 1155 575 regem
1173 518 1219 555 et
1238 507 1570 556 Leothericum
1586 508 1672 556 Se-

263 608 523 638 nonenscm
538 588 960 653 archiepiscopum,
979 588 1246 652 Remigium
1257 585 1506 651 praesulem
1521 585 1674 632 Autis-

263 665 609 715 siodorensium
627 701 638 722 ‚
663 665 948 713 llaimonem
969 675 1108 729 atque
1133 662 1406 710 Huboldum
1424 697 1439 720 ,
1465 661 1674 728 aliosque

263 745 496 810 plurimos
528 744 759 810 fulgentes
794 744 840 790 in
876 744 1024 790 choro
1059 741 1396 806 sophistarum.
1435 740 1675 806 Remigius

264 820 493 888 pontifex
517 821 806 868 luculentam
833 820 1177 884 expositionem
1201 837 1340 884 super
1363 819 1551 865 missam
1575 817 1678 866 edi-

267 900 366 957 dit,
398 909 445 947 et
479 909 626 946 artem
657 898 728 946 vel
768 898 1025 944 editionem
1060 897 1230 944 Donati
1256 895 1548 961 grammatici
1589 896 1680 943 uti-

268 977 378 1023 liter
417 975 649 1039 exposuit.
692 974 861 1020 Haimo
899 991 1090 1039 quoque
1131 975 1278 1019 sancti
1313 973 1443 1020 Pauli
1479 972 1678 1037 apostoli

270 1054 490 1119 epistolas
510 1051 807 1099 laudabiliter
826 1051 1108 1115 explanavit,
1130 1060 1177 1097 et
1191 1050 1276 1096 alia
1292 1051 1439 1097 multa
1457 1049 1515 1097 de
1530 1051 1682 1097 Evan-

273 1132 430 1197 geliis,
459 1131 654 1196 aliisque
686 1130 825 1176 sacris
855 1129 1138 1193 Scripturis,
1172 1128 1480 1193 spiritualiter
1505 1138 1680 1174 tracta-

271 1212 356 1257 vit.
386 1208 634 1257 Huboldus
666 1218 823 1255 autem
859 1208 1049 1253 musicae
1081 1207 1193 1253 artis
1219 1207 1399 1271 peritus
1419 1205 1476 1253 ad
1499 1206 1683 1254 laudem

269 1288 506 1337 Creatoris
526 1288 573 1334 in
603 1286 792 1333 ecclesia
820 1285 1091 1350 personuit,
1117 1294 1163 1331 et
1184 1284 1241 1331 de
1272 1294 1428 1330 sancta
1448 1284 1685 1331 Trinitate

270 1365 458 1412 dulcem
479 1363 723 1411 historiam
742 1363 913 1409 cecinit
927 1398 938 1417 ‚
962 1362 1171 1427 aliosque
1191 1362 1368 1410 multos
1389 1360 1686 1409 delectabiles

271 1453 435 1490 cantus
465 1442 521 1489 de
554 1442 652 1488 Deo
687 1452 734 1488 et
767 1440 952 1487 Sanctis
992 1441 1088 1503 ejus
1125 1439 1393 1503 composuit
1428 1439 1520 1503 (1).
1560 1440 1682 1495 Hos,

274 1521 484 1585 aliosque
521 1519 678 1583 plures
714 1517 973 1566 Gerbertus
1010 1516 1216 1563 erudivit
1236 1552 1248 1573 ‚
1282 1533 1490 1581 quorum
1517 1515 1687 1562 multi-

273 1597 381 1661 plex
405 1596 619 1660 sequenti
647 1605 860 1659 tempore
877 1594 1069 1640 scientia
1096 1593 1302 1640 ecclesiae
1320 1593 1404 1640 Dei
1424 1592 1687 1657 plurimum

278 1832 359 1860 teur
378 1823 423 1858 de
442 1823 619 1866 Gerbert,
640 1822 813 1869 empeclia
833 1820 1109 1868 probablement
1123 1820 1259 1856 d’avoir
1274 1820 1359 1855 lieu.
1381 1819 1443 1856 On
1461 1819 1611 1868 possede
1625 1832 1688 1856 en-

277 1896 360 1918 core
382 1884 414 1918 le
432 1883 594 1917 discours
616 1894 687 1929 que
703 1882 864 1916 Gerliert
883 1894 905 1927 y
929 1893 1132 1928 prononca3
1157 1881 1245 1915 mais
1264 1887 1378 1928 quant
1394 1882 1414 1916 a
1431 1892 1467 1915 sa
1487 1880 1689 1916 discussion

278 1956 360 1978 avec
390 1943 422 1977 le
452 1943 550 1990 legat
578 1942 693 1984 Leon,
725 1941 816 1975 abbe
846 1941 890 1975 (lc
922 1940 1215 1976 saint-Bonisace
1228 1968 1237 1984 ,
1269 1940 1337 1975 elle
1369 1947 1424 1976 est
1453 1939 1688 1987 aujourd'hui

279 2002 429 2050 perdue.

324 2062 373 2107 (1)
400 2060 512 2095 Notrc
525 2066 656 2093 auteur
669 2071 687 2093 a
703 2058 886 2093 consondu
903 2058 1028 2101 Remi,
1045 2059 1166 2093 moine
1179 2064 1216 2093 et
1234 2069 1307 2092 non
1324 2058 1460 2106 eveque
1472 2057 1685 2101 d'Auxerre‚

277 2122 339 2170 qui
360 2120 516 2167 professa
535 2121 553 2153 a
572 2119 695 2153 Reims
713 2125 749 2153 et
771 2119 886 2153 meme
902 2120 921 2153 a
935 2118 1034 2153 Paris
1048 2121 1068 2153 a
1084 2118 1115 2152 la
1131 2118 1178 2152 sin
1197 2118 1246 2152 du
1263 2126 1307 2152 ix‘
1321 2117 1445 2162 siecle,
1463 2130 1546 2154 avec
1560 2117 1682 2162 Remi,

279 2180 400 2214 inoiue
420 2178 465 2212 de
485 2177 634 2212 Mithlac
651 2189 694 2211 au
710 2176 852 2211 diocese
866 2176 911 2211 de
926 2177 1060 2211 Treves
1074 2204 1083 2219 ‚
1102 2177 1163 2224 qui
1182 2176 1237 2211 sut
1253 2175 1465 2211 reellement
1479 2175 1630 2223 disciple
1642 2175 1688 2210 de

277 2239 451 2275 Gerbert.
474 2239 520 2272 La
542 2237 688 2283 plnpart
707 2236 769 2271 ‹les
795 2248 968 2281 ouvrages
987 2236 1031 2270 ‹le
1058 2236 1163 2270 Remi
1184 2235 1384 2270 d‘Auxerre
1410 2241 1475 2270 ont
1499 2237 1557 2270 ete
1580 2235 1687 2271 attri-

279 2300 368 2334 bues
386 2298 504 2333 tantot
521 2299 539 2331 a
562 2297 718 2331 Ilaimon
730 2324 739 2338 ‚
758 2297 892 2343 eveque
907 2295 1194 2338 d'Halberstadt‚
1217 2307 1441 2341 personnage
1458 2307 1589 2330 encore
1606 2295 1688 2342 plus

280 2358 405 2391 ancien
419 2383 428 2397 ,
450 2355 567 2389 tantot
580 2356 598 2387 a
614 2366 662 2387 un
677 2355 814 2388 certain
830 2353 1173 2399 Hairnon-le-Sage,
1194 2355 1257 2400 qui
1276 2352 1365 2387 n’est
1379 2359 1482 2387 autre
1496 2365 1568 2401 que
1580 2352 1687 2388 Remi

279 2414 471 2448 lui-meme
489 2428 494 2445 :
512 2412 604 2445 aussi
624 2423 712 2445 ceux
726 2411 788 2457 qui
805 2417 885 2445 sont
903 2411 990 2445 cites
1009 2411 1052 2445 ici
1068 2423 1149 2445 sous
1168 2423 1206 2446 ce
1224 2424 1307 2445 nom
1328 2410 1378 2445 lui
1393 2411 1688 2458 appartiennent-

280 2474 324 2508 ils
342 2481 436 2507 tous.
458 2470 646 2512 llnbolde,
667 2470 844 2504 chanoinc
859 2469 903 2505 de
922 2470 1055 2517 l'eglise
1074 2470 1119 2504 dc
1134 2471 1261 2517 hege,
1284 2471 1440 2518 professa
1454 2472 1474 2505 ἐι
1491 2470 1592 2505 Paris
1608 2481 1687 2506 vers

279 2533 312 2567 la
329 2532 377 2566 sin
391 2531 439 2565 du
456 2538 486 2564 x‘
502 2529 619 2571 siecle,
635 2529 722 2563 mais
736 2529 835 2563 n'eut
848 2541 966 2563 aucun
984 2535 1133 2575 rapport
1146 2541 1228 2563 avec
1244 2529 1417 2564 Gerbert.
1437 2530 1501 2564 Les
1513 2539 1688 2576 ouvrages

279 2591 342 2638 qui
362 2590 411 2624 lui
432 2595 513 2623 sont
532 2587 710 2622 attribues
730 2588 774 2621 ici
793 2594 875 2621 sont
893 2587 938 2621 de
958 2587 1163 2631 Hucbalde‚
1186 2587 1307 2621 moine
1328 2586 1373 2622 de
1396 2586 1683 2631 Saint-Amand‚

280 2648 555 2696 contemporain
581 2654 617 2682 et
634 2648 703 2681 ami
721 2647 766 2682 de
783 2647 887 2682 Remi
907 2647 1107 2682 d'Auxerre
1120 2674 1129 2689 ‚
1148 2648 1296 2693 excepte
1313 2645 1438 2681 l’office
1454 2645 1500 2680 de
1522 2646 1555 2681 la
1572 2646 1686 2682 sainte

281 2711 445 2752 Trinite,
465 2709 527 2756 qui
546 2715 599 2743 est
618 2700 824 2751 d'Etienne,
843 2707 977 2754 eveque
997 2707 1041 2743 de
1062 2707 1181 2753 Liege.
1199 2706 1344 2753 (Voyez
1359 2704 1477 2741 l’Hist.
1499 2706 1568 2740 litt.
1586 2705 1632 2741 de
1648 2706 1686 2741 la

283 2769 446 2810 Franoe,
467 2774 493 2802 t.
514 2768 579 2810 vl.)
