1738 3043
248 278 321 314 ¹42
608 276 850 314 HISTORIA
880 275 1282 316 ECCLESIAS'I'ICA.

307 353 650 401 Constantinus
693 352 839 400 frater
877 354 1177 400 Constantini
1230 354 1488 418 superioris
1535 356 1659 421 regis

242 433 378 478 annis
414 448 535 478 xvii.
571 430 813 478 Sarraceni
859 432 1066 478 Siciliam
1106 431 1365 489 invadunt,
1409 443 1457 480 et
1501 432 1659 497 praeda

247 509 392 554 nimia
418 524 578 554 secum
603 506 779 564 ablata,
807 525 917 555 mox
937 508 1270 554 Alexandriam
1295 508 1514 556 redeunt.

312 585 498 651 Agatho
521 603 637 649 papa
659 602 711 632 ex
733 596 901 651 rogatu
924 586 1253 642 Constantini,
1281 586 1482 633 Heraclii
1509 597 1557 633 et
1579 587 1665 633 Ti-

248 663 366 710 berii
383 699 395 719 ,
422 664 695 728 principum
714 664 1035 727 piissimorum
1049 699 1061 720 ,
1085 665 1215 710 misit
1234 664 1281 710 in
1300 665 1476 730 regiam
1496 663 1666 713 urbem

254 744 429 807 legatos
447 760 578 798 su05,
607 743 653 788 in
679 741 852 807 quibus
873 753 971 789 erat
995 743 1200 790 Joannes
1224 761 1435 791 romanae
1461 744 1667 791 ecclesiae

255 833 369 867 tunc
391 820 616 868 diaconus
634 857 646 877 ,
665 834 772 867 'non
795 821 934 885 longe
952 832 1059 885 post
1084 822 1329 885 episcopus
1343 857 1356 879 ,
1378 839 1469 887 pro
1489 816 1681 869 aduna?

256 901 387 947 tione
412 899 622 946 facienda
649 910 916 945 sanctarum
942 900 1022 947 Dei
1049 899 1366 946 ecclesiarum.
1406 899 1496 960 Qui
1533 899 1668 948 beni-

253 978 475 1043 gnissime
522 977 722 1040 suscepti
772 995 795 1022 a
840 977 1221 1024 reverentissimo
1266 977 1375 1025 fidei
1425 977 1670 1024 catholicae

255 1055 502 1102 defensore
540 1054 883 1110 Constantino,
903 1055 1016 1118 jussi
1044 1065 1184 1111 sunt,
1223 1055 1426 1102 remissis
1463 1055 1671 1119 disputa-

258 1131 469 1179 tionibus
488 1130 853 1195 philosophicis,
880 1131 1077 1195 pacifico
1103 1132 1346 1197 colloquio
1369 1132 1427 1179 de
1450 1132 1541 1179 fide
1565 1149 1674 1179 vera

258 1210 560 1275 perquirere3
595 1209 714 1256 datis
747 1210 810 1257 eis
839 1209 896 1256 de
920 1208 1209 1257 bibliotheca
1233 1210 1675 1274 Constantinopoli-

261 1299 368 1334 tana
411 1288 593 1334 eunctis
635 1288 946 1352 antiquorum
993 1299 1212 1352 patrum,
1258 1305 1377 1354 quos
1421 1287 1674 1353 petebant,

261 1366 450 1414 libellis.
479 1366 735 1413 Alsuerunt
765 1377 922 1413 autem
956 1377 1004 1413 et
1036 1367 1242 1431 episcopi
1280 1383 1360 1424 cL,
1393 1365 1678 1431 praesidente

264 1446 473 1509 Georgio
504 1444 767 1509 patriarcha
807 1446 948 1509 regiae
986 1443 1142 1502 urbis,
1178 1456 1224 1492 et
1255 1444 1526 1492 Antiochiae
1566 1444 1679 1492 Ma-

264 1522 444 1569 ehario.
481 1524 542 1568 Et
581 1523 785 1568 convicti
827 1533 966 1579 sunt,
1004 1523 1085 1587 qui
1115 1541 1258 1569 unam
1299 1523 1592 1570 voluntatem
1633 1531 1681 1569 et

265 1600 590 1664 operationem
627 1598 901 1646 astruebant
938 1601 984 1646 in
1027 1599 1244 1656 Christo,
1276 1599 1460 1647 falsasse
1486 1600 1680 1646 Patrum

266 1678 611 1725 catholicorum
648 1677 770 1723 dicta
816 1677 1126 1741 perplurima.
1171 1678 1331 1725 Finito
1372 1688 1531 1724 autem
1568 1694 1682 1725 con-

268 1757 419 1816 llictu,
434 1756 666 1819 Georgius
687 1766 926 1802 correctus
942 1765 1032 1812 est;
1054 1755 1319 1801 Macharius
1339 1772 1452 1802 vero
1467 1772 1574 1802 cum
1589 1754 1683 1801 suis

267 1831 570 1898 sequacibus,
611 1831 750 1877 simul
787 1842 833 1878 et
869 1830 1258 1895 praecessoribuS,
1296 1831 1449 1897 Cyro,
1486 1831 1680 1896 Sergio,

268 1910 503 1966 Honorio,
527 1907 713 1974 Pyrrho
728 1943 741 1964 ,
765 1908 909 1955 Paulo
924 1919 971 1955 et
989 1909 1156 1965 Petro,
1178 1908 1619 1965 anatliematizatus3
1639 1917 1687 1955 et

270 1989 318 2035 iu
338 1988 498 2035 locum
525 1990 622 2051 ejus
642 1985 982 2050 Theophanius
1002 1986 1143 2033 abbas
1166 1987 1223 2033 de
1247 1986 1403 2033 Sicilia
1415 1985 1686 2034 Antiochiae

271 2066 516 2130 episcopus
555 2064 722 2110 factus.
753 2066 1003 2129 Tantaque
1041 2065 1189 2128 gratia
1234 2063 1407 2128 legatos
1441 2062 1687 2110 catholicae

269 2145 394 2208 pacis
418 2143 640 2190 comitata
668 2152 758 2199 est,
793 2152 846 2187 ut
869 2143 1075 2189 Joannes
1108 2142 1382 2189 Portuensis
1414 2143 1685 2206 episcopus,

270 2223 352 2286 qui
395 2232 494 2269 erat
530 2239 651 2267 unus
678 2239 732 2268 ex
771 2221 905 2284 ipsis,
940 2220 1178 2267 dominica
1208 2230 1481 2267 octavarum
1505 2219 1688 2284 pascliae

274 2301 432 2345 missas
452 2298 663 2363 publicas
683 2299 730 2344 in
751 2298 941 2345 eeclesia
961 2309 1134 2347 sanetffl
1156 2297 1345 2361 Sophiae
1370 2315 1530 2345 coram
1556 2297 1690 2362 prin-

273 2377 377 2441 cipe
399 2387 445 2422 et
472 2375 733 2439 patriarcha
762 2375 904 2421 latine
929 2374 1188 2422 celebraret
1213 2377 1303 2439 (1).
1330 2377 1443 2422 Haec
1469 2384 1539 2423 est
1561 2384 1686 2422 sexta

275 2550 427 2596 niiques.
447 2549 494 2582 La
519 2548 665 2582 mission
692 2548 737 2582 de
762 2548 1012 2595 l‘archeveque
1037 2548 1234 2583 Theodore
1256 2560 1302 2582 en
1326 2547 1543 2595 Angleterre
1566 2552 1621 2580 est
1644 2544 1690 2580 de

276 2611 414 2644 l'anntie
433 2608 515 2643 668.

320 2671 370 2714 (ι)
394 2668 708 2714 (tm-septembre
734 2667 833 2713 685),
859 2668 1075 2703 Constantia
1095 2668 1261 2714 Pogonat
1285 2666 1410 2701 n'etait
1437 2676 1498 2712 pas
1526 2665 1622 2701 frere
1643 2666 1690 2701 de

274 2729 453 2765 Constant
475 2729 505 2762 ll
518 2756 525 2767 ,
548 2740 688 2762 comme
706 2727 737 2761 lc,-
756 2727 810 2761 dit
830 2734 934 2762 notre
950 2735 1081 2762 auteur
1099 2739 1163 2773 par
1179 2739 1249 2760 une
1269 2725 1450 2760 deviation
1468 2724 1517 2759 du
1536 2732 1632 2760 texte
1644 2724 1690 2760 de

279 2789 374 2824 niue
391 2789 452 2836 qui
473 2788 560 2822 n'est
581 2800 642 2834 pas
667 2788 860 2831 heureuse,
882 2789 971 2822 mais
991 2800 1053 2821 son
1076 2786 1141 2821 fils.
1164 2786 1363 2820 L'invasion
1381 2784 1425 2819 ‹le
1451 2784 1483 2819 la
1501 2784 1609 2820 Sicile
1626 2797 1691 2831 par
