1738 3043
230 238 308 274 222
595 234 832 272 HISTORIA
867 234 1266 273 ECCLESlASTlCA.

235 325 375 370 sunt,
408 326 455 360 et
488 324 660 377 quanta
697 315 819 359 Deus
852 313 1035 360 fecisset
1064 331 1172 359 cum
1206 315 1296 361 illis
1327 318 1639 365 annuntiave-

235 402 366 438 runt.
404 392 554 437 Porro
585 389 674 435 illis
705 389 787 453 qui
818 389 874 435 de
907 389 1144 453 pharisaeis
1177 391 1473 439 crediderant
1506 411 1642 441 sum-

235 487 427 534 mopere
440 467 710 516 volentibus
719 467 977 531 judaizare,
995 469 1160 515 Simon
1178 469 1342 516 Petrus
1358 481 1406 517 et
1419 470 1639 529 Jaeohus‚

235 550 407 612 aliique
435 547 641 593 seniores
675 544 926 609 diligenter
956 555 1279 593 tractaverunt
1309 547 1366 594 de
1400 549 1643 612 proposita

235 626 524 691 quaestione,
552 640 605 669 ac
626 621 683 668 ad
715 632 1010 685 postremum
1045 622 1356 670 decreverunt
1390 624 1562 673 electos
1597 635 1646 673 et

235 701 459 767 probatos
476 699 644 746 fratres
662 697 718 744 ad
735 708 896 763 gentes
912 699 1102 746 mittere
1114 735 1126 755 ,
1153 709 1198 745 et
1217 717 1302 764 per
1317 716 1395 748 eos
1415 701 1645 748 instinctu

236 780 439 845 Spiritus
459 778 616 824 Sancti
637 776 868 840 scriptum
887 777 1116 841 dirigere;
1136 787 1188 823 ut
1206 779 1401 826 remotis
1417 779 1519 826 aliis
1535 795 1646 827 one-

235 856 366 904 ribus
399 854 693 905 abslinerent
727 870 773 899 se
805 851 863 898 ab
893 854 1145 900 immolatis
1169 855 1562 913 simulacrorum,
1599 866 1648 903 et

235 934 459 999 sanguine
475 968 488 989 ,
512 942 559 979 et
582 930 833 986 suffocato,
856 940 904 977 et
929 930 1247 979 fornicatione
1271 934 1362 997 (1).

299 1011 468 1059 Paulus
505 1010 648 1074 igitur
682 1019 728 1054 et
760 1006 1023 1064 BarnabaS,
1054 1008 1194 1055 Judas
1222 1010 1304 1074 qui
1335 1011 1648 1076 cognomina-

236 1090 377 1136 batur
413 1085 634 1134 Barsabas
663 1095 710 1132 et
746 1084 891 1142 Silas,
932 1083 1236 1132 Antiochiam
1270 1087 1399 1134 missi
1435 1098 1574 1148 sunt,
1600 1098 1650 1136 et

238 1166 486 1232 epistolam
525 1163 853 1229 apostolorum
887 1174 1029 1227 atque
1066 1163 1310 1211 seniorum
1349 1164 1648 1213 multitudini

237 1244 535 1292 credentium
559 1260 613 1288 ex
636 1238 855 1306 gentibus
880 1239 1167 1287 retulerunt.
1193 1239 1347 1300 Quam
1375 1258 1485 1288 cum
1509 1242 1651 1307 legis-

237 1333 371 1382 sent,
396 1338 536 1385 super
560 1318 885 1367 consolatione
918 1317 1060 1382 gavisi
1096 1328 1224 1364 sunt.
1252 1317 1392 1364 Judas
1423 1329 1470 1366 et
1503 1319 1647 1377 Silas,

239 1417 348 1447 cum
373 1408 525 1446 essent
554 1395 826 1461 prophetae,
859 1393 1006 1441 verbo
1036 1395 1248 1459 plurimo
1278 1396 1507 1443 consolati
1538 1407 1652 1444 sunt

240 1478 408 1525 fratres
438 1487 485 1523 et
512 1474 950 1529 confirmaverunt,
979 1490 1032 1518 ac
1064 1473 1370 1536 postmodum
1400 1491 1509 1520 cum
1539 1491 1652 1538 paoe

241 1558 289 1603 in
320 1552 576 1602 Jerusalem
599 1550 771 1598 reversi
808 1560 935 1595 sunt.
964 1549 1133 1595 Paulus
1161 1559 1318 1597 autem
1346 1561 1394 1597 et
1415 1550 1652 1598 Barnabas

240 1630 509 1680 Antiochiae
542 1627 739 1676 verbum
765 1626 959 1672 Domini
998 1625 1274 1690 aliquandiu
1305 1627 1652 1691 evangelizave-

240 1719 382 1766 runt,
419 1718 466 1755 et
499 1706 607 1753 inde
635 1703 977 1769 digredientes,
1016 1701 1074 1748 ab
1112 1703 1314 1750 invicem
1349 1703 1483 1750 divisi
1519 1714 1648 1752 sunt.

241 1787 474 1835 Barnabas
497 1803 606 1832 cum
629 1785 791 1831 Marco
815 1782 998 1828 Joanne
1021 1781 1236 1846 Cyprum
1258 1782 1512 1847 navigavit.
1540 1786 1653 1829 Pau-

243 1867 315 1912 lus
331 1882 464 1921 vero,
487 1863 637 1910 electo
655 1861 767 1917 Sila,
785 1859 971 1924 Syriam
991 1868 1038 1904 et
1054 1858 1267 1904 Ciliciam
1284 1858 1648 1924 perambulavit,

241 1943 454 1991 ecclesias
495 1938 822 1994 confirmavit,
867 1946 914 1984 et
953 1936 1279 2000 apostolorum
1317 1953 1369 1982 ae
1409 1936 1652 1984 seniorum

242 2031 477 2086 praecepta
502 2015 737 2064 custodire
760 2014 1005 2079 praecepit.
1035 2013 1150 2060 Inde
1173 2013 1221 2059 in
1249 2012 1439 2061 Derben
1464 2023 1513 2060 et
1537 2015 1654 2078 Lys-

245 2111 366 2146 tram
392 2097 634 2162 pervenit,
664 2093 823 2158 ibique
848 2090 1184 2148 Timotheum,
1212 2091 1294 2155 qui
1313 2108 1371 2139 ex
1389 2100 1523 2155 patre
1544 2108 1653 2155 gen-

245 2178 315 2224 tili
333 2186 451 2231 erat,
471 2183 669 2239 propter
684 2170 955 2218 insidiantes
967 2169 1156 2216 Judaeos
1171 2168 1485 2215 circumcidit.
1504 2168 1653 2233 Phry-

243 2255 390 2318 giam,
422 2252 653 2299 Galatiam
682 2258 730 2294 et
752 2247 954 2312 Mysiam
982 2245 1315 2309 pertransivit,
1341 2256 1387 2292 et
1416 2244 1653 2292 Troadem

243 2330 513 2384 deseendit,
537 2338 586 2375 et
607 2326 787 2372 visione
811 2342 897 2388 per
919 2333 1110 2370 noctem
1129 2323 1400 2370 admonitus
1419 2323 1468 2370 in
1492 2324 1651 2370 Mace-

242 2409 436 2457 doniam
460 2405 696 2452 transivit.
719 2401 945 2466 Philippis
959 2437 974 2461 ,
995 2419 1101 2466 quae
1122 2402 1272 2466 prima
1291 2419 1397 2465 pars
1416 2410 1485 2448 est
1501 2401 1652 2447 Mace-

243 2487 402 2534 doniae
416 2521 428 2541 ,
455 2481 750 2547 praedicarim
774 2497 975 2544 eumque
995 2478 1140 2544 Lydia
1162 2479 1443 2543 purpuraria
1463 2477 1646 2534 colenS,

289 2743 337 2786 (ij
367 2742 450 2775 Act.
472 2745 589 2784 apost.
610 2749 678 2779 xiv,
701 2736 822 2775 26-xv,
846 2747 902 2781 '²9-
923 2734 1010 2778 (50.)
