1738 3043
243 262 318 298 208
604 257 839 296 HISTORIA
872 257 1269 297 ECCLESIASTICA.

245 349 314 385 ret
332 372 343 393 ,
392 337 566 383 coelum
609 337 657 383 in
698 353 884 384 excessu
923 337 1092 384 mentis
1143 347 1356 401 apertum
1409 337 1550 394 vidit,
1596 349 1642 387 et

242 414 524 462 descendens
543 432 618 460 vas
636 414 872 480 quoddam
891 415 1019 462 velut
1044 415 1245 462 linteum
1272 433 1495 481 magnum
1523 434 1643 482 qua-

247 503 356 539 tuor
380 492 524 538 initiis
543 492 774 538 summitti
796 492 853 540 de
876 492 1000 539 coelo
1027 493 1073 538 in
1097 502 1266 539 terram
1282 528 1295 549 ,
1325 493 1372 539 in
1391 511 1488 559 quo
1509 502 1646 540 erant

243 570 400 616 omnia
423 568 740 634 quadrupedia
758 580 804 616 et
822 571 1053 634 serpentia
1075 580 1212 616 terrae
1231 580 1278 616 et
1292 570 1497 618 volatilia
1513 570 1640 618 coeli.

242 648 304 693 Et
321 645 439 692 sacta
461 656 529 692 est
550 663 640 694 vox
660 645 717 691 ad
735 663 842 692 eum
862 667 871 691 :
892 646 1061 708 Surge,
1086 647 1241 703 Petre,
1270 646 1437 693 occide
1453 658 1497 693 et
1515 664 1645 693 man-

243 722 388 769 duca.
415 723 581 768 Petrus
607 732 763 768 autem
783 723 848 768 ait
878 742 887 766 ι
925 723 1089 778 Absit,
1115 723 1343 780 Domine,
1375 723 1491 786 quia
1518 740 1645 769 nun-

243 818 386 864 quam
424 800 714 846 manducavi
749 817 996 846 commune
1026 811 1068 845 et
1097 800 1411 846 immundum.
1456 800 1520 846 Et
1552 816 1645 848 vox

243 879 416 925 iterum
442 877 645 925 secundo
670 877 725 923 ad
759 895 865 923 eum
901 898 910 922 :
950 879 1072 940 Quoe
1105 878 1342 923 Dominus
1373 877 1648 943 purificavit

242 974 300 1002 ne
320 968 367 1001 tu
394 973 641 1002 commune
660 956 857 1001 dixeris.
882 955 982 1001 Hoc
1002 964 1156 1001 autem
1183 965 1254 1001 ter
1272 955 1449 1001 factum
1473 965 1542 1000 est
1558 990 1571 1011 ,
1599 965 1647 1002 et

242 1034 399 1079 statim
413 1050 488 1078 vas
509 1033 554 1078 in
571 1032 745 1078 eoelum
763 1043 1004 1095 receptum
1022 1043 1102 1078 est.
1120 1033 1215 1078 Hac
1234 1033 1464 1079 nimirum
1477 1033 1646 1079 revela-

243 1111 372 1157 tione
392 1112 532 1156 Petro
550 1110 762 1173 gentium
788 1109 1032 1155 conversio
1055 1108 1279 1155 divinitus
1299 1109 1530 1155 insinuata
1548 1119 1641 1166 est,

243 1205 348 1251 quae
370 1204 453 1251 per
466 1197 672 1251 quatuor
685 1186 850 1231 mundi
867 1185 1051 1231 climata
1066 1185 1112 1231 in
1129 1186 1259 1231 omni
1281 1185 1436 1250 lingua
1454 1195 1502 1232 et:
1518 1184 1647 1231 tribu

243 1264 363 1310 sacta
393 1275 461 1310 est
478 1299 492 1322 ‚
524 1273 570 1309 et
595 1281 617 1308 a
638 1263 761 1319 Deo,
787 1280 846 1309 ne
875 1260 1135 1327 quemlibet
1162 1263 1372 1309 converti
1407 1262 1647 1310 volentem

241 1350 507 1403 respueret,
533 1339 772 1386 evidenter
793 1337 984 1385 edoctus
1003 1347 1088 1384 est.
1114 1338 1317 1384 Securus
1341 1355 1452 1404 ergo
1472 1349 1519 1386 et
1537 1356 1647 1403 gau-

241 1416 354 1463 dens
381 1417 575 1463 nuntios
606 1415 811 1462 Cornelii
841 1414 1046 1478 hospitio
1074 1419 1121 1461 in
1151 1415 1294 1462 domo
1321 1415 1528 1462 Simonis
1558 1415 1647 1462 Co-

242 1495 370 1539 riarii
400 1494 627 1557 suscepit,
648 1504 693 1540 et
718 1510 825 1538 cum
848 1492 936 1538 illis
964 1493 1177 1556 sequenti
1211 1491 1286 1539 die
1322 1493 1370 1538 in
1392 1493 1648 1541 Caesaream

242 1570 501 1616 Palaestinae
541 1570 767 1632 perrexit.
811 1568 925 1614 Illuc
967 1569 1196 1632 ingressus
1218 1604 1231 1624 ,
1279 1569 1555 1617 Cornelium
1601 1579 1649 1617 et

243 1659 465 1712 cognatos
489 1650 584 1711 ejus
616 1664 723 1692 eum
755 1646 1022 1693 necessariis
1052 1646 1211 1692 amicis
1239 1647 1447 1704 invenit,
1482 1657 1530 1694 et
1561 1663 1647 1694 1³0-

241 1736 374 1789 gatus
395 1724 452 1770 ab
474 1725 562 1780 eis,
590 1724 670 1788 qui
700 1723 756 1769 ad
778 1722 1062 1769 audiendum
1085 1733 1132 1769 et
1151 1722 1463 1771 obediendum
1495 1724 1644 1788 parati

243 1812 401 1856 erant,
429 1799 627 1846 verbum
646 1800 753 1844 vitae
779 1799 907 1863 loqui
926 1834 939 1855 ,
967 1799 1042 1862 pie
1062 1799 1408 1864 obtemperavit
1425 1801 1510 1862 (ι).

307 1877 532 1941 Aperiens
568 1876 695 1923 enim
729 1877 893 1922 Petrus
932 1892 982 1922 os
1021 1893 1182 1933 suum,
1217 1876 1337 1922 dixit
1367 1897 1377 1922 ε
1421 1877 1481 1923 In
1512 1877 1645 1924 veri-

244 1967 338 2001 tate
361 1955 572 2019 comperc'
601 1955 829 2018 quoniam
861 1970 956 1999 non
987 1964 1055 1999 esc
1075 1971 1397 2019 personarum
1424 1965 1648 2020 acceptor

242 2034 404 2087 Deas;
427 2032 515 2078 secl
537 2033 584 2076 ιή
607 2032 739 2078 omni
763 2042 925 2095 gente,
954 2032 1038 2095 qui
1059 2033 1188 2076 timet
1215 2048 1319 2077 eum
1355 2042 1398 2077 et
1419 2041 1648 2097 operatur

233 2112 502 2174 justitiam,
527 2120 750 2174 acceptus
769 2119 836 2154 est
851 2108 940 2154 illi.
960 2108 1171 2154 Verbum
1184 2110 1312 2155 misit
1318 2109 1443 2173 filiis
1459 2108 1618 2155 Israel
1621 2146 1638 2166 ,

242 2188 534 2233 annuntians
553 2203 723 2251 pacem
740 2204 834 2251 per
853 2186 1015 2231 Jesum
1044 2185 1298 2232 Christum.
1332 2187 1433 2233 Hic·
1457 2197 1525 2232 est
1547 2202 1644 2232 om-

242 2266 370 2309 nium
397 2264 635 2309 dominus.
672 2263 885 2326 Cumque
912 2264 1076 2308 Petrus
1104 2261 1204 2307 haee
1235 2271 1282 2309 et
1303 2262 1389 2308 alia
1420 2262 1552 2326 plura
1583 2261 1642 2309 de

241 2339 444 2386 adventu
468 2339 717 2384 Salvatoris
750 2347 796 2383 et
829 2338 1024 2401 perenni
1053 2338 1144 2382 vita
1179 2338 1479 2402 praedicaret,
1515 2337 1642 2384 mul·-

242 2427 438 2480 tumque
465 2414 731 2462 sitientibus
755 2414 811 2461 de
838 2414 970 2462 fonte
993 2416 1196 2462 eoelestis
1215 2416 1445 2463 doctrinae
1473 2415 1640 2480 pocula

242 2493 351 2539 vitae
380 2493 684 2555 propinaret,
725 2492 925 2555 Spiritus
959 2492 1155 2538 Sanctus
1185 2510 1324 2556 super
1354 2509 1518 2540 omnes
1553 2492 1635 2556 qui

286 2739 336 2781 (1)
361 2738 444 2772 Act.
466 2742 581 2780 apost.
603 2748 636 2774 x„
663 2733 742 2769 1-33
