1738 3043
643 211 796 249 LIBER
826 211 1034 251 PRIMUS.
1503 217 1555 255 89

136 294 298 340 littore
324 291 644 340 comederunt.
675 292 854 338 Octavo
881 292 928 337 in
949 302 1116 339 moute
1145 292 1353 341 Galilaeae
1384 311 1557 342 secun-

136 369 251 416 dum
270 368 549 416 Matthaeum
565 405 577 425 ‚
604 368 685 414 ubi
712 368 925 416 videntes
949 386 1057 415 eum
1075 369 1418 429 adoraverunt,
1445 373 1557 437 qui-

136 447 245 494 dam
262 459 418 495 autem
437 447 797 494 dubitaverunt.
824 448 962 494 Tunc
983 449 1049 493 ait
1066 447 1156 494 illis
1174 467 1184 493 :
1205 450 1340 495 Data
1355 461 1423 496 est
1443 450 1561 496 mihi

137 529 289 572 omnis
320 537 535 592 potestas
572 527 621 571 in
663 525 784 572 coelo
818 536 862 571 et
901 527 949 571 in
991 536 1132 572 terra.
1173 528 1223 574 E
1227 539 1358 574 untes
1395 529 1561 575 docete

137 623 299 652 omnes
334 616 527 670 gentes,
569 604 866 670 baptizantes
898 621 978 651 eos
1016 605 1063 650 in
1095 606 1288 651 nomine
1319 605 1483 652 Patris
1518 618 1560 652 et

155 683 263 729 s'ilii
288 693 333 729 et
352 683 562 748 Spiritus
590 682 759 729 Sancti
778 706 799 739 ;
830 683 1053 730 docentes
1081 701 1160 731 eos
1189 701 1376 731 servare
1397 686 1559 731 omnia

138 778 451 825 quaecumque
487 760 720 807 mandavi
751 761 907 808 vobis.
939 763 1008 807 Et
1043 780 1152 809 ecce
1189 780 1276 825 ego
1312 762 1561 810 vobiscum

137 839 356 886 omnibus
390 839 560 887 diebus
599 858 748 905 usque
778 841 851 887 ad
885 843 1344 889 consummationem
1372 843 1558 888 sceculi.

137 915 302 973 Nono,
325 915 455 981 quod
483 920 668 963 Marcus
703 917 820 964 dicit
849 938 858 963 ε
885 917 1158 966 Novissime
1189 919 1562 966 recumbentibus

137 997 370 1060 apparuit
385 996 526 1042 Jesus
542 1035 557 1054 ,
586 1007 629 1042 et
648 996 1035 1043 incredulitatem
1048 998 1236 1044 illorum
1258 997 1564 1064 exprobravit

137 1073 429 1120 durioribus.
450 1073 560 1121 Ideo
574 1074 752 1121 dicitur
769 1075 1023 1122 novissime
1037 1111 1049 1133 ,
1072 1076 1287 1140 quiajam
1304 1092 1402 1122 uon
1424 1085 1562 1122 erant

141 1150 186 1195 in
212 1161 335 1197 terra
362 1170 469 1199 cum
490 1152 573 1200 illo
593 1154 908 1200 convivaturi.
933 1153 1152 1209 Decimo,
1173 1154 1222 1201 in
1250 1155 1351 1218 ipso
1367 1154 1442 1201 die
1463 1170 1562 1200 non

131 1230 229 1291 jam
253 1229 298 1275 in
326 1239 449 1276 terra
469 1267 482 1286 ‚
502 1230 580 1278 sed
594 1230 827 1277 elevatum
854 1232 900 1277 in
927 1231 1056 1278 nube
1080 1231 1298 1297 discipuli
1318 1230 1562 1287 viderunt,

139 1323 248 1352 cum
271 1308 317 1353 in
343 1308 521 1354 coelum
540 1309 780 1365 ascendit;
808 1309 937 1375 quod
964 1310 1153 1356 Marcus
1179 1321 1227 1356 et
1254 1311 1403 1356 Lucas
1428 1325 1566 1355 com—

138 1396 426 1432 memorant.
452 1387 651 1433 Totiens
673 1404 789 1452 ergo
811 1388 859 1433 in
879 1387 1171 1452 Evangelicis
1192 1386 1330 1433 libris
1353 1403 1566 1434 comme-

138 1475 350 1512 moratus
369 1474 437 1511 est
455 1465 579 1511 visus
602 1464 662 1511 ab
695 1464 973 1512 hominibus
1003 1474 1259 1530 antequam
1284 1462 1568 1511 ascendisset

140 1542 188 1588 in
215 1541 395 1588 coelum
419 1563 428 1588 :
459 1543 507 1589 in
534 1553 659 1590 terra
687 1543 868 1590 scilicet
893 1544 1082 1600 novies,
1119 1553 1168 1591 et
1199 1544 1248 1589 in
1281 1559 1388 1589 aere
1423 1541 1567 1588 semel

138 1619 408 1668 ascendens.
438 1621 529 1668 Sed
548 1640 646 1669 non
673 1623 832 1669 omnia
860 1623 1035 1686 scripta
1053 1632 1194 1677 sunt,
1220 1622 1343 1667 sicut
1359 1620 1566 1668 Joannes

138 1698 271 1746 dicit.
296 1700 470 1746 Crebra
488 1702 618 1748 enim
645 1712 747 1748 erat
771 1703 869 1766 ejus
889 1719 998 1747 cum
1033 1701 1124 1747 illis
1152 1701 1452 1748 conversatio
1482 1715 1568 1763 per

140 1776 237 1823 dies
263 1794 322 1823 XL
345 1779 621 1844 priusquam
645 1778 927 1826 ascendisset
951 1779 1000 1825 in
1037 1778 1251 1835 coelum;
1281 1795 1380 1824 non
1409 1788 1565 1823 tamen

142 1855 207 1900 eis
226 1873 312 1919 per
335 1874 501 1904 omnes
521 1875 575 1902 xt,
595 1857 851 1904 continuos
880 1856 977 1904 dies
1001 1866 1299 1920 apparuerat.
1318 1856 1439 1902 Nam
1459 1865 1569 1918 post

143 1933 352 1996 primum
377 1932 502 1980 diem
519 1933 882 1981 resurrectionis
901 1936 998 1997 ejus
1013 1969 1026 1990 ‚
1045 1933 1160 1980 alios
1179 1942 1290 1980 octo
1305 1931 1401 1979 dies
1423 1933 1571 1978 inter-

144 2010 323 2057 venisse
345 2010 461 2057 dicit
489 2011 724 2068 Joannes;
753 2021 862 2075 post
887 2028 1007 2076 quos
1032 2011 1096 2057 eis
1136 2027 1299 2055 rursus
1331 2009 1567 2073 apparuit.

144 2088 220 2135 Sic
245 2106 329 2152 per
353 2089 458 2137 illos
482 2105 541 2136 xL
559 2088 656 2136 dies
675 2090 896 2154 quotiens
917 2089 1071 2136 voluit
1090 2125 1102 2144 ‚
1121 2087 1296 2154 quibus
1315 2087 1499 2142 voluit,
1522 2097 1570 2133 et

144 2166 546 2232 quemadmodum
582 2167 758 2224 voluit,
786 2185 1040 2231 apparens,
1084 2165 1226 2212 fidem
1259 2166 1306 2211 in
1347 2164 1437 2210 illis
1475 2182 1572 2210 suae

145 2246 509 2294 resurrectionis
535 2245 836 2293 confirmavit
859 2246 948 2309 (1).

209 2323 328 2370 XX.
363 2324 486 2370 Duas
505 2322 738 2388 siquidem
758 2323 948 2369 ultimas
970 2322 1292 2387 apparitiones
1309 2322 1497 2367 Marcus
1522 2330 1569 2366 et

146 2404 293 2448 Lucas
308 2411 715 2457 commemorant,
743 2411 791 2448 et
814 2418 863 2447 ea
885 2418 994 2466 quae
1017 2400 1080 2446 ibi
1106 2399 1229 2446 dicta
1255 2399 1329 2446 vel
1351 2407 1451 2444 acta
1470 2397 1572 2444 fue-

147 2490 272 2526 rant.
296 2479 566 2527 Secundum
589 2479 806 2525 Marcum
825 2515 837 2535 ,
865 2479 1088 2525 duritiam
1113 2477 1268 2525 cordis
1298 2475 1571 2523 incredulo-

196 2676 244 2719 (ι)
272 2675 402 2710 Matth.
436 2688 576 2719 xxvur,
611 2675 734 2711 16-20:
765 2676 862 2709 Marc
906 2686 984 2711 xvi.
1022 2677 1146 2716 12-14:
1182 2674 1264 2707 Luc.
1297 2684 1403 2709 xxiv,
1443 2670 1571 2711 ιζ’-ἲς).

153 2733 279 2768 Joann.
303 2748 338 2768 xx
354 2764 361 2778 ,
390 2747 507 2782 19-xxi
525 2764 532 2776 ‚
553 2748 609 2770 γ’.
