1738 3043
232 253 311 291 936
599 249 844 289 1115TOR1A
874 249 1280 292 ECCLESIASTICA.

231 348 425 397 quoquc
443 331 556 377 duas
570 366 583 387 ‚
606 347 715 395 quae
734 331 977 378 canonicae
998 330 1298 395 appellantur
1316 330 1406 394 (ι).
1429 331 1517 377 Hic
1537 341 1654 379 tem-

232 408 430 473 poribus
464 407 646 455 Tiberii
682 408 908 465 Caesaris,
951 408 1055 454 Gaii
1092 407 1347 473 CaHgolae,
1387 408 1569 456 Claudii
1606 420 1655 457 et

232 486 465 543 Neronis,
494 485 543 532 in
562 486 698 533 vinea
717 484 894 532 Christi
917 486 1121 533 viriliter
1143 484 1404 543 laboravit,
1427 486 1655 552 egregios-

230 581 324 628 que
355 563 613 628 discipulos
638 562 878 620 educavit;
906 563 1166 610 virtutibus
1192 573 1240 610 et
1262 562 1533 611 eruditione
1559 564 1655 611 im-

232 640 376 688 butos
408 659 495 707 per
526 640 709 689 diversa
735 641 837 689 loca
870 640 1124 689 destinavit
1153 662 1162 687 :
1191 641 1404 688 Marcum
1435 640 1656 690 videlicet

232 719 462 777 filiolum,
489 719 870 784 discipulumque
898 737 1037 766 suum
1058 718 1315 784 Aquileiae,
1344 718 1655 783 postmodum

231 796 559 854 Alexandriae3
585 797 854 845 Martialem
882 798 1148 844 Lemovicae
1165 833 1175 853 ‚
1202 797 1530 862 Apollinarem
1555 798 1655 844 Ra-

229 892 398 922 vennae
413 911 426 933 ,
447 876 693 924 Valerium
717 875 938 922 Treveris
965 885 1012 922 et
1035 875 1151 922 alios
1175 876 1334 939 plures
1349 910 1363 932 ,
1393 875 1474 941 qui
1503 874 1655 923 diver-

227 952 288 997 sis
324 953 372 999 in
412 952 528 999 locis
559 953 709 998 multa
742 953 791 1000 in
826 952 1024 1000 nomine
1059 952 1236 998 Christi
1269 953 1496 999 miracula
1529 952 1655 1001 fece-

229 1039 366 1086 runt,
394 1040 441 1076 et
466 1029 625 1093 plures
648 1030 976 1094 maximosque
1003 1039 1158 1098 coetus
1184 1030 1439 1093 gentilium
1463 1030 1522 1076 ad
1544 1029 1652 1078 fidei

226 1106 390 1154 lumen
432 1118 800 1171 pertraxerunt,
843 1118 988 1173 atque
1031 1107 1148 1153 sacri
1188 1105 1483 1171 baptismatis
1527 1107 1653 1155 unda

226 1194 554 1249 regeneratos,
595 1185 645 1231 in
677 1185 785 1232 sinu
816 1185 909 1250 piae
943 1185 1108 1231 matris
1131 1183 1352 1232 Ecclesiae
1387 1185 1654 1233 collocave-

226 1271 362 1309 runt.

293 1338 551 1399 Quondam
574 1341 741 1388 Romae
758 1376 771 1398 ,
797 1339 913 1388 dum
939 1341 1137 1406 plurimi
1170 1339 1341 1388 fratres
1374 1339 1516 1387 simul
1539 1338 1654 1388 refi-

227 1429 419 1475 cerent,
455 1419 593 1465 Titus
617 1418 739 1466 dixit
767 1420 985 1484 apostolo
1013 1420 1157 1466 Petro
1194 1439 1205 1465 :
1245 1418 1371 1465 Cum
1394 1419 1602 1466 universi
1620 1436 1653 1465 a

225 1504 269 1539 te
298 1495 543 1541 salventur
571 1497 775 1560 infirmi,
812 1514 962 1562 quare
985 1497 1306 1543 Petronillam
1322 1496 1653 1562 ραναζγιίσανη

215 1572 389 1636 jac-ere
422 1574 699 1638 permittis?
735 1574 991 1638 Apostolus
1027 1591 1143 1621 vero
1175 1574 1241 1620 ait
1280 1594 1290 1620 ε
1333 1574 1420 1621 Sic
1454 1573 1653 1639 expedit

224 1650 286 1695 ei.
319 1649 422 1696 Sed
445 1668 505 1697 ne
535 1652 835 1697 emistimetur
862 1650 1227 1717 impossibilitas
1259 1652 1365 1715 ejas
1391 1650 1651 1697 incolumi-

225 1728 337 1773 tatis
363 1732 595 1776 excusari
615 1731 733 1776 meis
757 1730 1082 1788 sermonibus,
1111 1729 1176 1775 ait
1203 1729 1260 1775 ad
1283 1746 1386 1777 eam
1419 1749 1429 1774 :
1465 1729 1645 1794 Surge,

224 1805 497 1853 Petronilla
511 1830 533 1864 ,·
581 1808 720 1855 nobis
771 1810 1010 1855 ministra.
1063 1808 1233 1854 Statim
1285 1824 1394 1853 sana
1443 1807 1650 1854 surrexit

222 1891 269 1928 et
296 1883 603 1932 ministravit.
644 1885 915 1932 Ministerio
950 1895 1110 1932 autem
1144 1884 1359 1950 expleto,
1380 1883 1522 1948 jussit
1545 1901 1648 1931 eam

221 1960 377 2008 redire
408 1961 466 2008 ad
495 1961 765 2027 grabatum.
795 1962 860 2010 At
886 1960 967 2009 uhi
995 1963 1043 2009 in
1067 1962 1151 2010 Dei
1177 1963 1351 2010 timore
1375 1962 1527 2027 coepit
1551 1977 1649 2009 esse

221 2038 428 2102 perfecta
445 2075 459 2098 ,
488 2058 589 2088 non
613 2041 770 2088 solum
797 2042 893 2105 ipsa
918 2041 1090 2087 salvata
1115 2049 1209 2098 est,
1245 2039 1325 2088 sed
1354 2040 1499 2087 etiam
1531 2038 1646 2104 plu-

218 2222 300 2268 plus
315 2225 438 2259 concis
462 2238 534 2272 que
558 2238 648 2260 ceux
673 2226 719 2261 de
739 2227 832 2261 saint
851 2226 1017 2261 Mathieu
1040 2232 1077 2260 et
1100 2225 1145 2260 de
1165 2226 1261 2260 saint
1277 2224 1373 2269 Luc,
1401 2236 1448 2260 ne
1469 2230 1643 2272 rapporte

217 2293 289 2327 que
307 2281 402 2316 deux
415 2284 497 2317 faits
515 2284 747 2330 particuliers
764 2285 809 2319 de
828 2297 896 2332 peu
916 2285 1180 2331 d’importance
1194 2284 1259 2332 qui
1278 2296 1325 2319 ne
1340 2296 1377 2319 se
1395 2289 1568 2319 trouvent
1579 2295 1642 2330 pas

217 2339 308 2374 dans
323 2353 381 2375 ces
398 2341 581 2385 dcrniem,
600 2343 624 2377 il
638 2351 692 2378 est
715 2344 851 2390 permis
867 2344 913 2379 de
932 2344 1065 2379 douter
1084 2344 1174 2392 qu’il
1192 2344 1242 2379 ait
1263 2344 1367 2391 puise
1385 2345 1405 2379 a
1422 2356 1495 2379 une
1512 2354 1641 2379 source

216 2400 279 2446 qui
301 2401 420 2435 aurait
437 2401 487 2436 du
507 2402 557 2436 lui
577 2403 721 2438 sournir
740 2416 790 2438 un
808 2404 893 2439 bien
912 2404 993 2451 plus
1008 2403 1125 2451 grand
1143 2404 1297 2439 nombre
1311 2403 1357 2439 de
1372 2404 1639 2439 circonstances

216 2460 348 2494 omises
366 2473 431 2508 par
443 2461 494 2496 les
509 2469 630 2497 autres
643 2463 893 2510 evangelistes,
910 2464 1007 2499 Dans
1026 2470 1110 2499 tous
1125 2463 1176 2499 les
1194 2476 1251 2499 cas
1262 2492 1272 2507 ‚
1287 2463 1339 2499 les
1352 2462 1482 2498 details
1498 2463 1638 2499 donnes

215 2520 235 2550 ἐι
256 2529 296 2551 ee
315 2518 409 2563 sujet
427 2532 493 2566 par
512 2527 617 2555 notre
635 2528 764 2556 auteur
783 2529 865 2556 sont
882 2522 1166 2569 completement
1178 2522 1415 2569 apocryphos.

261 2577 310 2620 (ι)
337 2577 384 2610 La
403 2578 584 2624 premiere
602 2579 665 2614 des
684 2580 778 2615 deux
796 2581 930 2627 epitres
948 2580 993 2615 de
1016 2581 1110 2616 saint
1131 2581 1257 2615 Pierre
1274 2586 1329 2615 est
1346 2579 1457 2614 d'une
1477 2577 1634 2613 authen—

215 2634 316 2669 ticite
331 2636 395 2682 qui
414 2636 469 2670 n'a
485 2637 614 2681 jamais
631 2640 688 2672 ete
705 2641 904 2686 suspectee.
925 2639 973 2674 La
994 2638 1206 2679 demit-me,
1224 2650 1269 2672 au
1288 2637 1487 2681 contraire,
1507 2636 1562 2672 n'a
1576 2637 1633 2670 ete

214 2706 321 2740 reque
337 2695 483 2742 qu'avec
501 2695 613 2732 doute
629 2710 694 2744 par
708 2698 886 2745 Origene,
904 2698 1043 2735 Eusebe
1056 2705 1093 2734 et
1108 2698 1201 2734 saint
1214 2696 1381 2742 Je'rom03
1395 2694 1634 2742 aujourd’hu')

214 2754 281 2790 elle
298 2762 354 2791 est
373 2756 644 2803 generalcment
661 2758 811 2795 admise.
