1738 3043
229 236 306 273 :328
593 233 835 271 HISTORIA
864 233 1264 273 ECCLESIASTICA.

231 332 346 361 num
367 330 505 377 super
530 311 644 358 illud
669 312 951 359 aedificatum
976 324 1068 371 est,
1097 324 1143 361 et
1168 312 1446 361 monachilis
1470 315 1638 363 concio

233 391 379 437 cultui
405 389 569 436 divino
593 389 746 436 dedita
773 401 842 436 est
866 391 954 454 (1).

296 468 360 513 X.
389 466 641 513 Matthaeus
660 467 768 513 Levi
784 503 798 526 ,
817 478 870 513 ut
892 468 986 532 ipse
1011 469 1058 514 in
1084 468 1342 533 Evangelio
1361 484 1447 515 suo
1464 467 1638 526 refert,

231 545 324 590 suit
352 543 659 602 telonearius,
687 544 765 591 scd
792 562 846 592 ex
880 544 1144 609 publicanis
1169 556 1239 591 cst
1267 563 1290 591 a
1325 546 1534 594 Domino
1566 563 1644 592 as-

229 631 444 684 sumptus
478 630 524 667 et
559 621 885 685 apostolorum
917 638 1118 667 numero
1154 620 1370 679 additus,
1403 620 1644 686 multipli-

230 697 366 762 cique
384 697 529 761 ,gratia
551 698 813 744 decoratus.
843 698 928 743 llic
952 698 1162 761 primum
1189 699 1235 744 in
1260 698 1419 745 Judaea
1445 715 1644 764 evange-

228 777 408 831 lizavit,
435 786 595 840 postea
624 777 670 822 in
705 777 975 823 Macedonia
1002 775 1293 840 praedicavit.
1322 775 1395 822 Ad
1417 775 1644 822 ultimum

231 853 278 898 in
310 851 548 916 AEthiopia
566 888 577 907 ‚
609 864 855 917 postquam
884 851 1142 916 Eglippum
1162 870 1320 917 regem
1344 869 1452 898 cum
1481 851 1644 898 multis

232 930 443 977 millibus
478 949 572 977 suae
603 931 756 994 gentis
789 931 1027 977 convertit
1057 940 1104 977 et
1138 931 1186 977 in
1219 930 1409 978 Christo
1436 929 1646 994 baptiza—

232 1008 329 1065 vit,
364 1007 450 1053 sub
476 1009 686 1072 Hyrtaco
719 1006 935 1071 Adelpho
953 1043 966 1064 ,
994 1007 1108 1053 dum
1137 1008 1324 1054 missam
1359 1006 1643 1065 celebraret,

233 1086 517 1150 martyrium
548 1085 770 1150 pertulit;
805 1086 965 1149 sicque
997 1085 1110 1132 felix
1139 1093 1206 1131 ΧΓ)
1234 1085 1328 1132 kal.
1357 1083 1569 1132 octobris
1590 1084 1648 1131 ad

235 1161 497 1207 Dominum
522 1162 759 1226 migravit.
788 1162 938 1209 Series
962 1178 1075 1208 vero
1099 1160 1449 1226 praedicationis
1469 1171 1517 1208 et
1538 1177 1649 1226 pas-

235 1240 380 1286 sionis
418 1238 542 1285 beati
585 1239 898 1303 Evangelistae
938 1239 1003 1285 sic
1040 1239 1089 1286 in‘
1128 1240 1293 1303 priscis
1324 1238 1648 1286 voluminibus

235 1315 490 1380 reperitur.

301 1394 554 1441 Matthaeus
586 1396 851 1459 apostolus,
881 1406 1133 1461 postquam
1169 1395 1217 1442 in
1247 1394 1407 1442 Judaea
1436 1395 1649 1459 Evange-

238 1473 356 1518 lium
397 1472 588 1520 hebraeo
629 1491 847 1521 sermone
887 1474 1160 1538 descripsit,
1203 1473 1510 1538 praecipiente
1547 1472 1652 1519 Deo

240 1548 486 1612 Aithiopes
506 1549 646 1607 adiit,
671 1561 717 1596 ct
738 1568 876 1614 agens
896 1550 1053 1596 divina
1075 1568 1216 1613 opera
1237 1549 1415 1596 multos
1438 1548 1646 1595 salvavit.

239 1624 360 1670 Nam
399 1624 631 1687 ingressus
673 1625 910 1671 civitatem
945 1643 1165 1689 magnam
1203 1624 1436 1682 Nadaber,
1473 1623 1652 1672 detexit

238 1702 473 1766 praestigia
498 1719 745 1766 magorum
771 1703 941 1749 Zaroes
966 1713 1012 1748 ct
1039 1701 1338 1766 Arphaxath‚
1363 1702 1445 1767 qui
1471 1718 1518 1748 se
1541 1700 1652 1749 deos

241 1796 335 1825 csse
363 1778 607 1834 dicebant,
641 1791 688 1825 et
711 1779 775 1824 sic
799 1778 1058 1842 Eglippum
1082 1796 1264 1843 regem,
1294 1780 1485 1843 ejusque
1501 1795 1653 1843 popu-

285 1997 335 2040 (ι)
360 1995 465 2030 Cctle
483 1994 635 2040 legende
654 2001 708 2029 est
725 1996 940 2041 emprunte'e
960 2006 1114 2042 presque
1130 1993 1389 2029 littei-alement
1405 2005 1451 2027 au
1470 1992 1554 2028 faux
1574 1991 1653 2027 Ab·

240 2055 329 2089 dias.
350 2054 411 2090 On
430 2066 474 2089 ne
488 2055 555 2088 sait
572 2056 650 2088 rien
665 2054 710 2088 de
724 2055 859 2088 certain
875 2066 936 2087 sur
949 2053 980 2088 la
995 2053 1221 2101 predication
1240 2052 1285 2088 de
1302 2052 1396 2087 saint
1409 2050 1628 2086 Barthelemi
1639 2078 1650 2094 ,

241 2127 314 2149 non
333 2113 414 2161 plus
433 2126 504 2161 que
523 2126 584 2148 sur
604 2113 653 2147 les
671 2114 934 2148 circonstances
954 2112 998 2147 de
1017 2125 1052 2147 sa
1072 2119 1180 2147 mort.
1203 2112 1250 2146 La
1273 2111 1501 2158 supposition
1519 2108 1552 2144 la
1570 2108 1652 2156 plus

241 2174 541 2207 communement
559 2172 688 2215 suivie,
710 2178 763 2206 est
781 2171 869 2219 qu⁷il
889 2184 908 2205 a
926 2173 1031 2218 porte
1050 2171 1083 2204 la
1104 2171 1151 2205 soi
1169 2169 1258 2204 dans
1275 2168 1433 2204 l’Arabie
1450 2168 1651 2203 Heureuse.

240 2230 453 2277 Cependant
472 2230 504 2265 la
523 2230 605 2264 ville
623 2230 798 2265 d'Albane
811 2256 820 2272 ‚
843 2231 891 2265 οὐ
905 2230 976 2264 l’on
995 2230 1094 2276 place¹
1113 2229 1145 2264 le
1167 2229 1308 2263 theatre
1329 2227 1373 2263 de
1391 2239 1456 2263 sou
1472 2233 1649 2273 martyre,

240 2289 359 2323 devait
378 2289 454 2323 (stre
470 2288 503 2322 13
527 2289 679 2335 capitale
699 2289 749 2323 du
768 2302 939 2335 royaume
958 2288 1165 2331 d’Albanie,
1188 2300 1250 2322 sur
1268 2287 1317 2322 les
1334 2287 1446 2323 bords
1464 2286 1509 2322 de
1524 2287 1556 2321 la
1573 2297 1653 2320 mer

240 2350 451 2394 Casp'wnne.
470 2349 702 2395 L'cnipereur
720 2350 891 2383 Anastase
904 2356 1011 2394 ayant
1026 2349 1097 2383 bati
1111 2377 1119 2392 ,
1136 2361 1214 2383 vers
1232 2347 1318 2397 509,
1334 2348 1367 2382 la
1383 2347 1463 2382 ville
1478 2347 1523 2382 de
1540 2346 1651 2381 Daras

238 2419 282 2441 en
303 2407 582 2452 Mesopotamie‚
603 2419 624 2451 y
645 2407 683 2440 sit
698 2413 935 2453 transporta,
957 2419 1004 2441 on
1020 2420 1065 2442 ne
1080 2408 1148 2442 sait
1164 2407 1270 2448 (Pon,
1289 2406 1339 2441 les
1358 2405 1514 2454 reliques
1530 2403 1575 2439 de
1593 2409 1651 2438 cet

239 2466 379 2513 apotre.
406 2466 500 2500 vers
523 2465 556 2498 la
578 2467 694 2500 nul-nic
720 2469 881 2514 cpoque,
904 2480 951 2501 on
975 2468 1113 2514 croyait
1137 2466 1188 2501 les
1213 2465 1383 2514 posseder
1401 2464 1490 2499 dans
1507 2462 1578 2497 l’ile
1603 2462 1649 2498 de

242 2526 382 2571 Lipari,
409 2524 698 2560 consormeuicnt
719 2529 738 2560 ἐι
762 2526 793 2560 13
820 2527 994 2562 tradition
1023 2528 1134 2562 suivic
1155 2540 1219 2574 par
1237 2533 1341 2561 notre
1359 2531 1498 2559 auteur.
1520 2522 1648 2557 Prosa-

241 2586 325 2619 nees
344 2597 388 2619 en
409 2584 474 2620 808
493 2596 557 2631 par
577 2584 625 2619 les
644 2586 823 2621 Sarrasins
837 2615 846 2630 ‚
867 2586 951 2621 elles
974 2587 1117 2630 furem,
1137 2586 1277 2628 dit-on,
1297 2582 1497 2620 recueillies
1515 2595 1580 2630 par
1597 2582 1649 2618 u'n

244 2645 364 2679 moine
384 2656 484 2690 grec,
506 2651 541 2679 et
560 2647 702 2691 portecs
718 2648 734 2679 a
755 2646 933 2681 Benevent
954 2646 1092 2682 l'anne‘e
1105 2647 1275 2680 suh-ante.
