1738 3043
185 313 256 348 1:10
547 308 785 346 HISTORIA
816 307 1216 347 ECCLESIASTICA.

243 389 511 436 Anastasius
528 388 664 433 annis
688 404 755 433 ιιι.
783 387 869 434 Hic
889 387 1207 451 Philippicum
1232 397 1420 451 captum
1441 387 1590 434 oculis

180 467 410 532 privavit,
438 483 524 512 nec
542 465 733 512 occidit.
767 465 894 513 Idem
922 466 1098 512 litteras
1119 465 1434 512 Constantino
1456 482 1590 530 papae

181 547 379 592 Romam
395 561 479 607 pcr
491 541 832 589 Scholasticum
847 543 1098 606 patricium
1116 554 1162 589 et
1175 541 1427 589 exarchum
1444 541 1591 589 ltaliae

179 621 370 681 direxit,
395 618 567 684 quibus
591 638 637 667 se
659 619 892 667 fautorem
915 619 1159 666 catholicae
1186 619 1320 676 fidei,
1348 619 1592 683 sanctique

179 699 296 746 scxti
324 698 514 746 concilii
539 698 898 762 praedicatorem
927 715 1020 744 csse
1047 697 1227 744 docuit.
1260 695 1591 760 Liudprandus

182 796 261 824 rex
296 775 719 841 Langobardorum
753 776 1059 823 donationem
1091 775 1369 840 patrimonii
1399 773 1593 837 Alpium

180 851 442 897 Cottiarum
459 885 470 905 ,
497 867 639 915 quam
661 850 907 913 Aripertus
926 849 1123 905 fecerat,
1146 860 1192 895 et
1212 849 1288 895 ille
1306 848 1559 912 repetierat
1576 882 1590 904 ,
1651 847 1656 850 ’

181 928 508 975 admonitione
537 927 817 974 venerabilis
852 944 985 990 papae
1018 926 1237 991 Gregorii
1271 923 1589 972 confirmavit.

181 1005 502 1052 VVulfrannus
541 1005 826 1051 Senonensis
857 1003 1236 1068 archiepiscopus
1270 1013 1317 1050 et
1345 1001 1595 1049 Fontine!-

183 1083 320 1130 lensis
353 1081 611 1128 monachus
647 1082 839 1138 floruit,
868 1092 914 1128 et
945 1080 1146 1128 verbum
1182 1081 1368 1127 Domini
1408 1079 1595 1126 Fresio-

183 1160 321 1207 nibus
356 1159 646 1224 praedicans,
688 1159 835 1204 multa
870 1158 1093 1204 miracula
1132 1157 1262 1204 fecit.
1309 1155 1595 1203 Ecberectus

187 1238 257 1282 vir
309 1247 496 1282 sanctus
544 1235 601 1282 dc
644 1247 785 1300 gente
831 1235 1095 1300 Anglorum
1121 1271 1132 1290 ‚
1182 1245 1229 1281 et
1279 1231 1598 1280 sacerdotium

184 1313 457 1361 monachica
495 1315 588 1360 vita
623 1313 763 1359 etiam
801 1329 890 1376 pro
921 1312 1103 1359 coelesti
1139 1311 1289 1376 patria
1321 1309 1596 1375 peregrinus

183 1409 416 1440 exornans
431 1427 444 1449 ,
468 1391 695 1454 plurimas
711 1391 909 1437 Scoticae
931 1390 1084 1454 gentis
1098 1388 1365 1453 provincias
1381 1386 1438 1433 ad
1455 1403 1596 1434 cano-

184 1471 336 1516 nicam
359 1469 583 1533 paschalis
609 1470 837 1532 temporis
860 1467 1234 1525 observantiam,
1262 1485 1285 1513 a
1306 1483 1396 1532 qua
1419 1464 1598 1512 diutius

185 1545 552 1601 oberraverant,
602 1546 675 1609 pia
714 1545 1053 1609 praedicatione
1090 1544 1329 1591 convertit
1371 1558 1500 1589 anno
1538 1539 1598 1587 ab

188 1624 516 1669 incarnatione
540 1623 733 1670 Domini
759 1629 974 1669 nccxvn⁰
996 1622 1089 1685 (ι).

249 1698 542 1746 Theodosius
575 1716 702 1745 anno
737 1706 788 1746 1⁰.
817 1698 903 1744 Hic
936 1697 1110 1745 electus
1151 1698 1198 1744 in
1231 1699 1596 1761 imperatorem,

188 1775 485 1821 Anastasium
503 1774 625 1839 apud
643 1775 850 1822 Nicaeam
869 1775 1107 1822 civitatem
1125 1773 1252 1838 gravi
1272 1773 1442 1837 praelio
1457 1772 1595 1827 vicit3

185 1851 389 1916 datoque
415 1851 501 1898 sibi
530 1862 853 1909 sacramento,
881 1852 1107 1899 clericum
1141 1851 1240 1897 fieri
1267 1867 1319 1896 ac
1347 1847 1602 1914 presbyte-

186 1947 294 1975 rum
313 1929 524 1976 ordinari
552 1929 681 1976 fecit.
709 1931 810 1993 Ipse
829 1946 944 1976 vero
966 1939 1020 1975 ut
1039 1946 1242 1994 regnum
1264 1928 1467 1991 accepit,
1490 1944 1600 1973 cum

231 2145 282 2188 (1)
307 2143 438 2189 (4juin
464 2141 687 2190 715-sevrier
705 2142 802 2190 716.)
821 2143 867 2177 La
896 2142 1046 2177 mission
1070 2153 1148 2176 vers
1172 2141 1204 2175 le
1222 2152 1313 2187 pape
1335 2139 1425 2175 dont
1449 2140 1475 2175 il
1496 2140 1601 2187 s’agit

187 2203 251 2246 ici,
271 2203 387 2249 parait
403 2202 502 2236 avoir
517 2215 563 2237 eu
576 2202 649 2236 lieu
668 2200 980 2236 immediatement
993 2201 1096 2247 apres
1109 2200 1345 2247 qu'Anastase
1362 2205 1426 2234 eut
1441 2200 1499 2233 ete
1512 2210 1600 2246 pro-

185 2260 298 2294 clamt':
317 2272 522 2307 empereur.
542 2260 638 2295 C'est
656 2261 675 2293 a
694 2259 876 2305 Gregoire
894 2259 929 2293 11
948 2259 1008 2305 (¹9
1030 2258 1100 2291 mai
1125 2255 1260 2305 715-13
1279 2257 1409 2291 sevi-ier
1427 2254 1509 2305 731)
1527 2268 1601 2304 que

187 2317 387 2364 Liutprand
406 2317 580 2351 confirma
598 2317 631 2350 la
651 2317 857 2351 restitution
870 2343 879 2359 ,
901 2316 984 2361 deja
1000 2316 1084 2350 saite
1108 2327 1173 2362 par
1190 2315 1339 2350 Aribert
1354 2315 1411 2359 ΙΙ,
1431 2313 1477 2349 de
1497 2313 1602 2350 biens

186 2377 297 2411 situes
322 2376 410 2410 dans
428 2376 479 2410 les
497 2375 606 2421 Alpes
625 2376 836 2411 Cottiennes
854 2374 1103 2421 (aujourd⁷hui
1128 2374 1178 2409 les
1197 2374 1307 2421 Alpes
1328 2373 1379 2408 du
1402 2380 1504 2409 mont
1521 2373 1600 2409 Ge-

186 2437 319 2480 nevre).
349 2436 452 2469 Saint
473 2434 663 2477 winsi-an,
686 2435 821 2482 &veque
840 2434 884 2469 de
903 2435 992 2469 Sens
1017 2446 1095 2469 vers
1112 2434 1200 2481 690,
1221 2435 1326 2480 apres
1351 2434 1450 2469 avoir
1473 2435 1493 2468 ἑι
1515 2432 1600 2480 plu-

186 2496 299 2529 sieurs
320 2494 474 2540 repriscs
492 2496 595 2540 porti:
609 2494 640 2528 la
655 2493 777 2541 parole
791 2494 836 2528 de
851 2494 943 2529 Dieu
961 2494 1050 2528 dans
1064 2493 1097 2528 la
1113 2494 1230 2536 Frise,
1250 2505 1286 2527 se
1300 2494 1410 2528 retira
1426 2494 1446 2527 ὲ
1463 2492 1600 2527 Fonte-

187 2554 280 2589 uelle
305 2553 681 2599 (saint-wandrine)
708 2566 753 2588 en
779 2566 867 2601 719,
898 2560 935 2588 et
957 2567 979 2599 y
1005 2559 1155 2588 mourut
1182 2565 1253 2599 peu
1281 2553 1396 2599 apres.
1426 2551 1528 2586 Nous
1553 2562 1601 2586 ne

187 2625 312 2648 savons
332 2614 512 2660 pourquoi
541 2620 645 2647 notre
664 2620 793 2648 auteur
815 2626 833 2647 a
859 2613 1002 2648 retarde-
1025 2612 1112 2647 d'un
1131 2625 1175 2647 an
1200 2611 1234 2646 la
1261 2611 1410 2646 mission
1435 2609 1480 2645 de
1505 2610 1600 2645 saint

189 2672 319 2707 Ecbert
337 2684 381 2706 en
409 2664 535 2706 Ecossc
548 2699 556 2715 ‚
579 2684 649 2719 que
669 2671 763 2707 Biede
780 2680 953 2719 rapporte
969 2674 989 2706 a
1005 2671 1144 2706 l’annee
1162 2671 1241 2719 716.
1271 2671 1321 2707 Ce
1337 2670 1430 2705 saint
1446 2681 1598 2718 person-

188 2743 277 2777 nage
296 2743 318 2777 y
337 2737 487 2765 mourut
512 2743 557 2765 en
577 2743 655 2778 729.
678 2731 801 2776 Voyez
822 2731 1004 2766 l’llistoire
1023 2731 1293 2775 eccles-iascique
1316 2729 1597 2775 d'Angleterre‚

192 2790 248 2824 liv.
272 2802 305 2833 v,
328 2789 386 2824 ch.
409 2788 462 2823 25.
