1738 3043
527 248 681 286 LIBER
710 248 992 286 SECUNDUS.
1398 252 1475 289 265»

49 333 125 378 sit.
157 328 503 376 insultantibus
531 329 745 393 PaganiS,
767 326 896 392 quod
920 343 1058 392 mago
1077 326 1290 375 crederet
1312 346 1364 375 ae
1390 330 1476 374 im-

49 409 259 475 postori,
299 407 471 455 Paulus
499 425 601 454 eam
633 405 951 462 confortaxit,
976 404 1150 470 jubens
1184 417 1238 453 ut
1261 424 1473 454 seorsum

47 485 408 551 praestolaretur
443 484 699 531 adventum
737 501 903 538 suum,
942 501 1101 530 secura
1137 485 1267 548 signa
1302 485 1475 532 mortis

47 567 144 629 ejus
174 564 224 610 in
248 562 506 628 panniculo
536 571 801 626 receptura.
831 562 1104 626 Longinum
1133 580 1271 620 xero,
1299 564 1474 611 socios-

46 660 140 708 que
161 644 259 706 ejus
282 642 526 690 eredentes
548 640 714 688 docuit
735 640 896 704 paucis
916 640 1218 688 sermonibus
1233 678 1245 698 ,
1269 642 1474 707 qualiter

47 731 94 768 et
123 738 148 766 a
185 719 360 784 quibus
397 718 753 783 baptizarentur
783 728 894 782 post.
926 717 1115 765 obitum
1149 721 1263 783 ejus.
1301 721 1476 767 Perve-

46 798 184 845 niens
203 808 362 845 autem
381 796 437 844 ad
455 797 685 861 passionis
703 796 862 843 locum
878 832 891 853 ‚
911 796 966 843 ad
986 797 1225 844 orientem
1243 815 1404 844 versus
1427 798 1474 844 in

47 876 224 923 coelum
260 893 428 922 manus
468 874 694 932 tetendit,
731 886 778 922 et
808 874 1072 921 diutissime
1107 892 1217 921 cum
1251 875 1475 940 lacrymis

46 953 266 1001 hebraice
282 954 455 1010 oravit,
475 955 671 1018 Deoque
688 953 859 1017 gratias
875 953 987 1018 egit.
1012 952 1193 1000 Deinde
1212 952 1476 1000 valedicens

45 1031 302 1089 fratribus,
328 1030 602 1087 benedixit,
631 1031 816 1096 sibique
845 1031 1010 1078 oculos
1034 1030 1091 1077 de
1114 1030 1349 1077 Plautillae
1373 1048 1477 1077 ma—

45 1108 148 1157 fora
173 1110 244 1172 (1)
282 1109 468 1174 ligavit,
509 1109 558 1155 in
594 1119 770 1155 terram
807 1118 1068 1173 utrumque
1103 1125 1231 1172 genu
1261 1106 1396 1155 flexit
1429 1119 1477 1155 et

46 1187 225 1234 collum
257 1186 476 1234 tetendit.
506 1186 779 1250 Spiculator
799 1204 913 1234 xero
943 1204 1052 1233 cum
1080 1188 1260 1234 virtute
1284 1204 1477 1251 percus-

47 1267 108 1312 sit
141 1276 190 1313 et
220 1276 361 1330 caput
393 1268 489 1329 ejus
521 1264 748 1323 abscidit;
780 1265 911 1330 quod
935 1275 1188 1330 postquam
1220 1283 1243 1311 a
1274 1282 1478 1330 corpore

45 1343 300 1408 praecisum
321 1343 437 1398 suit,
460 1359 638 1389 nomen
659 1344 768 1390 Jesu
788 1341 963 1389 Christi
982 1341 1200 1390 hebraice
1219 1342 1341 1389 clara
1362 1359 1478 1389 voce

47 1422 314 1485 personuit.
343 1422 514 1467 Statim
539 1421 596 1467 de
621 1438 825 1485 corpore
849 1424 946 1486 ejus
966 1421 1090 1468 unda
1117 1421 1250 1468 lactis
1272 1422 1320 1468 in
1341 1421 1479 1468 vesti-

46 1510 214 1548 mento
248 1500 414 1546 militis
443 1500 589 1547 exivit
623 1511 670 1547 et
697 1510 858 1565 postea
890 1502 1077 1566 sanguis
1108 1501 1307 1547 effluxit.
1345 1500 1478 1547 Stola

46 1596 185 1635 vero,
206 1596 298 1643 qua
319 1578 408 1624 sibi
429 1579 654 1644 ligaverat
681 1579 844 1627 oculos
858 1615 871 1637 ,
894 1597 991 1626 non
1019 1580 1306 1644 comparuit.
1326 1581 1479 1626 Tanta

47 1656 190 1703 etiam
218 1655 336 1703 lueis
363 1656 654 1704 immensitas
677 1667 724 1704 et
745 1657 906 1704 odoris
931 1657 1131 1704 suavitas
1155 1657 1204 1703 in
1227 1667 1479 1704 momento

48 1734 174 1782 illius
214 1734 543 1782 decollationis
588 1736 780 1782 coelitus
827 1736 1049 1793 emicuit,
1101 1746 1156 1782 ut
1199 1735 1479 1783 mortalium

47 1813 173 1861 oculi
191 1812 494 1878 splendorem
515 1813 640 1860 illius
656 1814 878 1871 sufferre,
898 1825 944 1860 et
967 1814 1170 1860 humana
1189 1814 1348 1878 lingua
1368 1813 1482 1861 odo-

46 1909 150 1938 rem
185 1909 380 1937 narrare
418 1891 705 1956 nequiverit.
742 1892 918 1938 Omnes
959 1891 1060 1938 haec
1096 1890 1310 1938 videntes
1348 1891 1482 1938 valde

47 1969 267 2015 admirati
292 1980 430 2025 sunt,
455 1980 502 2016 et
527 1970 759 2016 invictum
781 1987 940 2034 regem
973 1969 1179 2016 Sabaoth
1205 1971 1253 2016 in
1279 1970 1480 2016 multam

49 2047 216 2096 horam
248 2046 575 2095 laudaverunt.
612 2047 896 2095 Parthenius
928 2058 1088 2094 autem
1116 2059 1163 2095 et
1192 2048 1370 2094 Feritas
1403 2065 1481 2094 re-

49 2137 312 2185 vertentes,
336 2126 391 2173 ad
419 2137 606 2191 portam
637 2126 767 2173 urbis
792 2139 1139 2191 pervenerunt,
1168 2126 1251 2173 ubi
1277 2127 1480 2173 Plautil-

50 2203 142 2251 lam
166 2206 431 2253 Dominum
463 2206 814 2270 glorificantem
841 2207 1161 2263 invenerunt;
1198 2224 1341 2272 quam
1366 2223 1479 2253 mox

53 2282 270 2330 irrisione
301 2284 597 2346 percunctati
635 2295 747 2330 sunt
780 2302 863 2330 eui·
891 2295 1031 2348 eaput
1066 2302 1202 2331 suum
1229 2301 1328 2330 non
1361 2300 1481 2348 ope—

51 2361 168 2409 riret
189 2362 369 2409 mafora
399 2379 542 2427 quam
576 2362 720 2409 Paulo
749 2363 1054 2427 praestiterat.
1088 2363 1152 2408 At
1186 2362 1288 2419 illa,
1322 2362 1482 2409 calore

52 2436 156 2486 fidei
172 2457 380 2496 accensa,
403 2458 510 2486 eum
529 2441 919 2505 magnanimitate
938 2439 1187 2505 respondit
1205 2459 1216 2486 .·
1241 2439 1282 2486 Ο
1300 2441 1421 2486 vani
1437 2451 1480 2485 et

99 2658 149 2703 (ι)
173 2658 341 2705 ᾸΙᾳῙέητι,
365 2659 525 2706 mqlhrs.
548 2672 693 2693 numm-s
714 2676 720 2690 :
742 2661 1005 2704 operimentum
1023 2660 1172 2704 capitis,
1194 2657 1480 2704 maxime-liuni—

56 2728 199 2749 narum.
226 2718 314 2752 Due.
348 2719 470 2752 alm-v.
494 2718 590 2752 Dans
612 2718 640 2752 la
662 2717 814 2763 legend(-
833 2715 1030 2763 originale,
1053 2729 1099 2752 on
1121 2717 1162 2752 lit
1191 2734 1195 2751 1
1226 2716 1271 2752 dc
1292 2716 1482 2751 Plautium

58 2775 256 2822 amplior-tc.
