1738 3043
563 247 715 286 LIBER
745 247 1023 287 SECUNDUS.
1431 254 1507 291 273

86 328 331 376 credentes
367 326 652 392 baptizavit,
681 328 838 393 eisque
870 328 1309 395 Coelestinum(1)‚
1350 333 1502 379 virum

87 407 271 455 bonum
293 417 340 454 et
363 408 622 471 sapientem
639 443 652 464 ‚
676 407 951 471 episcopum
976 409 1244 455 coustituit.

151 485 224 533 Ad
251 497 438 550 portam
461 485 751 532 Nicomediae
784 485 830 532 in
865 485 1062 550 grabato
1096 498 1342 535 mortuum
1367 492 1508 553 juve-

88 581 198 612 nem
233 564 546 628 oll'endit(2J),
592 564 723 627 cujus
761 574 980 627 parentes
1013 574 1150 611 aetate
1173 576 1419 629 gravatos,
1463 579 1510 614 et

86 659 196 689 cum
220 643 382 689 nimiis
413 640 677 706 ploratibus
702 640 785 687 filii
813 641 1007 688 cadaver
1028 654 1368 707 prosequentes
1393 663 1508 709 pro—

86 722 258 786 spexit.
298 720 571 768 Condolens
603 730 760 766 autem
802 719 1024 784 lacrymis
1059 737 1226 767 eorum
1250 757 1261 775 ‚
1306 723 1511 786 qualiter

86 797 355 845 adolescens
393 796 588 844 obiisset
629 796 894 860 inquisivit.
941 795 1030 843 Sed
1071 796 1161 843 illis
1199 814 1299 861 prae
1337 799 1511 846 timore

86 874 207 922 nihil
242 874 673 940 respondentibus,
712 892 734 919 a
767 874 956 922 famulis
988 874 1168 921 audivit
1197 896 1207 922 ε
1235 877 1367 923 Dum
1392 891 1511 924 esset

85 952 164 1000 lzic
198 955 247 999 in
283 953 506 1000 cubiculo
529 952 688 1004 solus,
719 963 897 1017 septem
927 971 1074 999 canes
1110 954 1267 999 sabito
1301 956 1511 1002 advene-

85 1043 195 1079 runt
207 1069 222 1089 ,
263 1043 308 1079 et
347 1033 396 1078 in
433 1049 540 1078 eum
583 1033 835 1077 irruerant.
874 1031 953 1077 Ab
987 1030 1061 1077 lzis
1097 1049 1211 1096 ergo
1249 1035 1511 1082 miserrime

85 1111 377 1176 discerptus,
423 1109 600 1157 cecidit
639 1121 864 1156 mortuus.
907 1111 1045 1156 Tunc
1081 1111 1291 1159 Andreas
1331 1123 1510 1178 septem

84 1187 363 1236 daemonum
389 1223 402 1245 ,
445 1205 566 1252 quos
604 1206 627 1233 a
670 1187 828 1233 Nicaea
870 1187 1084 1252 fugarat,
1129 1187 1219 1236 hoc
1261 1206 1379 1254 opus
1415 1209 1512 1240 esse

84 1266 336 1332 cognovit,
370 1275 417 1312 et
452 1265 500 1311 in
532 1264 711 1311 coelum
742 1265 1009 1329 suspirium,
1049 1284 1071 1312 a
1108 1267 1207 1313 Deo
1246 1267 1390 1313 vitam
1426 1269 1512 1316 de-

83 1344 254 1392 functo
275 1344 460 1409 petivit.
482 1344 717 1409 Factaque
733 1360 889 1407 prece,
907 1360 1162 1391 conversus
1181 1344 1237 1391 ad
1259 1345 1507 1404 feretrum,

83 1423 150 1469 ait
181 1443 191 1468 ε
220 1422 282 1468 In
311 1423 501 1468 nomine
527 1422 649 1468 Jesu
679 1420 890 1479 Christi,
921 1440 1080 1486 surge.
1112 1422 1392 1471 Admirante
1425 1443 1512 1489 po-

84 1499 232 1564 pulo,
279 1516 398 1564 puer
440 1499 647 1546 surrexit
699 1510 746 1546 et
795 1500 1116 1547 resuscitatori
1161 1519 1246 1549 suo
1293 1501 1506 1550 adhaesit.

84 1577 342 1642 Apostolus
365 1594 479 1624 vero
508 1595 712 1641 puerum
739 1576 1013 1624 credentem
1037 1596 1185 1644 usque
1212 1580 1257 1626 in
1286 1581 1511 1629 Macedo-

85 1657 213 1702 niam
232 1673 393 1704 secum
414 1656 660 1720 perduxit,
685 1667 732 1703 et
755 1656 1039 1703 salutaribus
1070 1657 1227 1705 verbis
1261 1659 1506 1707 iustruxit.

149 1733 375 1798 Egressus
410 1732 546 1788 inde,
574 1733 734 1780 navim
755 1732 992 1791 ascendit,
1023 1744 1070 1780 et
1094 1735 1386 1799 Hellesponti
1414 1737 1508 1784 sre-

86 1823 189 1859 tum
227 1812 460 1868 intravit,
502 1811 884 1876 Byzantiumque
926 1810 1054 1858 adire
1094 1811 1345 1876 disposuit.
1386 1815 1510 1863 Ecce

86 1906 214 1936 mare
261 1898 560 1935 commotum
594 1898 691 1943 est,
733 1897 902 1934 ventus
941 1887 1120 1934 validus
1157 1889 1408 1947 incubuit,
1463 1904 1510 1939 et

86 1967 216 2013 naris
249 1964 568 2030 mergebatur,
600 1975 855 2029 nautaeque
885 1966 1055 2012 mortis
1086 1967 1352 2030 periculum
1386 1988 1508 2033 prae-

85 2041 401 2090 stolabantur.
443 2042 660 2106 Denique
696 2040 858 2088 beatus
899 2042 1109 2090 Andreas
1151 2043 1206 2089 ad
1247 2044 1509 2093 Dominum

85 2122 266 2178 oravit,
293 2138 389 2187 quo
410 2120 716 2184 praecipiente
739 2137 851 2167 mox
874 2131 1042 2167 ventus
1058 2121 1211 2179 siluit,
1241 2125 1510 2188 tranquilli-

87 2210 154 2246 tas
180 2199 348 2256 rediit,
377 2210 423 2246 et
446 2216 611 2246 omnes
634 2217 656 2245 a
684 2199 956 2246 discrimine
978 2199 1199 2246 liberatos
1225 2203 1509 2266 Byzantium

85 2295 310 2343 prospera
328 2278 565 2342 navigatio
580 2278 819 2342 perduxit.
846 2277 958 2325 lude
975 2278 1344 2343 properantibus
1362 2280 1510 2328 Thra-

85 2356 177 2403 cias
198 2356 450 2404 hominum
473 2357 691 2420 apparuit
715 2356 999 2413 multitudo,
1025 2359 1105 2422 qui
1127 2375 1234 2404 cum
1254 2360 1508 2423 evaginatis

86 2434 250 2499 gladiis
283 2434 464 2481 lanceas
492 2432 710 2480 manibus
741 2434 1011 2499 gestabant,
1047 2447 1093 2482 et
1127 2436 1174 2482 in
1206 2449 1507 2486 occursantes

89 2512 268 2560 irruere
303 2511 576 2577 cupiebant.
611 2512 779 2558 Beatus
811 2530 924 2559 vero
959 2512 1166 2560 Andreas
1201 2525 1365 2561 contra
1406 2516 1507 2562 illos

138 2707 188 2751 (i)
212 2707 310 2741 Dans
327 2707 359 2743 le
374 2708 455 2742 saux
474 2708 629 2749 Abdias,
647 2720 686 2741 ce
707 2719 931 2753 personnagr
947 2714 1000 2741 cst
1018 2711 1163 2742 nomnu'·
1180 2708 1325 2743 Cutis-tv.

138 2766 188 2809 (Ἰ)
214 2764 265 2799 Cc
279 2772 353 2799 mot
372 2773 425 2801 est
447 2766 519 2812 pris
539 2765 626 2802 dans
647 2765 679 2800 lv
699 2777 778 2800 sens
797 2765 841 2798 ‹le
860 2772 1081 2799 r'e’ncnnll't'l·.

189 2840 220 2869 ι.
1261 2831 1312 2869 18
