1738 3043
595 203 747 242 LIBER
776 202 1055 242 SECUNDUS.
1487 209 1536 245 77

120 293 244 331 caret
262 320 275 342 ,
303 293 350 330 et
371 283 572 328 maxima
601 282 891 346 populorum
921 281 1207 339 multitudo,
1237 293 1288 328 ut
1317 281 1538 330 audirent

118 378 227 408 vera
245 360 462 425 dogmata
475 396 488 417 ‚
513 370 850 418 concurreret,
870 359 1130 424 Sigibcrtus
1154 378 1310 407 comcs
1327 359 1537 408 decrevit

118 455 227 484 cum
265 455 439 503 magno
473 437 682 484 militum
709 438 918 483 exercitu
953 437 1010 484 ad
1039 455 1148 485 eum
1173 438 1358 496 venire,
1398 439 1536 504 eique

117 526 462 580 congruentem
487 525 764 580 apparatum
790 514 1008 562 ciborum
1040 527 1087 563 et
1112 527 1252 581 potus
1278 515 1537 564 amicabili-

118 603 191 640 ter
210 593 450 641 exhibere.
478 593 674 658 Copiam
695 610 808 658 ergo
829 594 1029 658 piscium
1050 595 1348 659 concupivit,
1377 606 1423 642 et
1448 596 1536 642 mi-

116 671 292 719 nistros
320 673 367 718 in
393 681 598 737 pontum
622 670 831 735 piscandi
856 672 1004 736 gratia
1030 672 1174 718 misit.
1204 672 1418 720 Tandem
1441 674 1535 737 pis-

115 748 357 796 catoribus
380 748 528 795 multa
554 765 710 796 secum
740 765 911 814 genera
945 749 1142 813 piscium
1178 749 1532 808 deferentibus,

114 836 161 873 et
186 836 344 891 optata
377 826 578 874 invisere
601 826 762 874 littora
787 826 1114 891 cupientibuS,
1141 827 1301 875 subito
1331 838 1536 892 tempes-

115 913 182 950 tas
205 914 366 951 exorta
390 914 460 952 est
485 905 534 951 in
554 905 702 963 mari,
723 922 831 971 quae
858 906 967 970 ipsis
992 906 1243 953 interitum
1266 917 1312 954 et
1337 905 1536 953 navibus

113 981 412 1048 naufragium
436 983 584 1047 coepit
607 984 798 1030 minari.
828 985 980 1032 Porro
1006 984 1259 1032 Benedicta
1278 985 1532 1043 comitissa,

110 1076 219 1124 quae
234 1077 342 1106 cum
361 1060 671 1107 multitudine
685 1060 836 1125 plebis
855 1062 911 1108 ad
935 1061 1071 1108 littus
1091 1072 1217 1108 stans
1237 1061 1530 1127 expectabat,

111 1138 421 1185 metuendum
454 1137 632 1203 trepida
671 1139 939 1203 periculum
969 1138 1173 1187 videbat.
1202 1140 1417 1205 Cumque
1434 1143 1533 1205 jam

111 1217 261 1280 mergi
283 1217 541 1280 coepissent
562 1216 778 1264 homines
798 1235 907 1264 cum
932 1217 1158 1275 navibus,
1184 1218 1404 1283 religiosa
1426 1236 1535 1265 mu-

110 1293 199 1341 lier
225 1293 438 1341 extendit
470 1294 519 1340 in
553 1293 732 1340 coelum
756 1312 948 1353 manus,
979 1306 1025 1342 et
1050 1313 1165 1343 voce
1188 1313 1355 1360 magna
1380 1295 1535 1344 excla-

110 1389 244 1418 mans
276 1372 433 1420 Deum
471 1373 735 1430 invocavit,
762 1383 810 1420 et
841 1373 1076 1420 continuo
1107 1373 1261 1420 sedata
1287 1384 1534 1438 tempestas

112 1451 322 1498 cessavit.
350 1451 608 1499 Piscatores
633 1462 793 1498 autem
817 1469 926 1498 cum
952 1451 1152 1498 navibus
1180 1463 1226 1499 et
1250 1451 1456 1517 piscibus
1480 1469 1533 1499 ac

110 1528 291 1576 retibus
320 1530 580 1578 incolumes
603 1528 659 1576 ad
693 1541 889 1594 portum
920 1541 1272 1595 pervenerunt,
1299 1540 1347 1578 et
1371 1530 1533 1577 cuncti

109 1605 201 1655 hoc
228 1606 434 1655 videntes
456 1606 723 1654 mirabilem
744 1608 895 1656 Deum
918 1607 1324 1673 glorificaverunt.

174 1686 342 1733 Almus
372 1704 485 1734 vero
509 1687 683 1751 praesul
707 1705 730 1732 a
755 1687 1039 1734 Mauritania
1064 1704 1278 1734 reversus
1308 1688 1534 1735 Lemovi—

110 1783 213 1812 cam
231 1763 496 1828 repedavit,
519 1775 566 1811 et
587 1764 694 1812 inde
715 1765 771 1810 ad
791 1765 949 1811 vicum
968 1765 1164 1811 nornine
1184 1765 1438 1811 Ansiacum
1455 1767 1530 1830 (1)

110 1842 337 1908 perrexit.
376 1841 444 1888 lbi
484 1843 612 1888 Jovis
649 1842 831 1889 idolum
869 1841 1138 1889 venerabile
1171 1843 1366 1907 Paganis
1403 1853 1530 1902 erat,

111 1919 272 1985 ibique
290 1918 551 1966 multitudo
566 1937 732 1984 magna
754 1918 1082 1983 languentium
1099 1918 1292 1966 diversis
1310 1937 1532 1984 oppressa

110 1995 469 2044 infirmitatibus
483 1995 683 2061 jacebat.
711 1998 851 2043 Tunc
881 1996 1158 2044 adveniente
1182 1998 1410 2062 pontifice
1431 1997 1532 2045 dae-

110 2093 224 2122 mon
250 2075 521 2132 obmutuit,
549 2074 627 2122 sed
647 2075 720 2121 vir
739 2075 821 2121 Dei
837 2110 850 2130 ,
874 2074 1151 2139 rogantibus
1172 2075 1364 2133 incolis,
1386 2075 1443 2123 de
1466 2076 1531 2122 si-

108 2152 322 2200 mulacro
340 2151 474 2200 illum
491 2153 645 2217 egredi
669 2153 895 2217 praecepit
907 2189 920 2210 ‚
942 2163 1143 2200 statuam
1162 2153 1466 2219 confringere
1483 2165 1530 2202 et

154 2363 204 2408 (ι)
229 2363 277 2396 Le
295 2368 391 2395 tvxte
412 2362 582 2408 imprime
602 2368 705 2408 porte
725 2363 914 2396 Astacum.
938 2362 986 2396 M.
1007 2361 1168 2396 Maurice
1188 2361 1330 2397 Ardent
1348 2362 1440 2396 croit
1457 2374 1529 2409 que

108 2421 194 2456 c'est
210 2420 241 2455 la
260 2421 373 2467 petito
388 2420 469 2455 ville
486 2420 614 2455 d’Aixe
632 2422 763 2467 (Asia)
777 2449 785 2463 ,
805 2423 823 2455 Ξι
841 2420 936 2455 deux
953 2420 1065 2455 lieues
1083 2428 1121 2455 ct
1140 2420 1260 2456 denne
1280 2421 1325 2455 de
1344 2421 1524 2468 LiinogeS.

107 2481 156 2515 Le
180 2481 270 2515 Pere
294 2481 546 2515 Bouaventure
569 2479 614 2514 de
640 2480 933 2523 saint-Amabat,
961 2481 1024 2528 qui
1049 2480 1140 2515 e'crit
1158 2493 1197 2515 ce
1221 2487 1297 2515 mot
1323 2482 1526 2514 Atesim-um

107 2552 249 2576 comme
267 2541 299 2575 le
318 2542 515 2575 manuscrit
529 2540 574 2574 (le
588 2533 863 2574 saint-Evinult
875 2567 884 2581 ‚
905 2553 949 2575 ne
967 2541 1113 2574 connait
1130 2552 1271 2575 aucune
1285 2540 1427 2574 localite'
1447 2551 1525 2573 ino-

107 2599 221 2634 dcrne
249 2601 268 2634 a
295 2599 449 2648 laquelle
477 2600 502 2635 il
530 2601 650 2647 puisse
678 2599 710 2634 le
738 2607 940 2646 rapportcr.
975 2599 1003 2633 ll
1030 2612 1051 2644 y
1081 2599 1174 2634 avait
1202 2612 1252 2634 un
1280 2599 1351 2634 lieu
1379 2600 1525 2632 nomine

108 2662 244 2701 Ansam,
265 2660 360 2696 situe
379 2661 468 2696 dans
481 2661 514 2696 le
534 2667 667 2696 ressort
686 2659 767 2694 civil
786 2659 831 2695 de
848 2660 1014 2706 Limogcs
1027 2687 1035 2702 ,
1059 2660 1147 2695 mais
1161 2659 1250 2694 dans
1268 2659 1298 2694 le
1318 2658 1460 2694 diocese
1478 2657 1525 2692 de

108 2720 275 2755 Poitiers.
