1738 3043
659 188 812 227 LIBER
840 187 1117 227 SECUNDUS.
1523 191 1594 229 301

247 268 477 317 Eleuther
496 268 690 317 Graecus
703 305 717 327 ‚
739 287 794 316 ex
814 280 947 333 patre
968 268 1193 318 Abundio
1209 305 1221 326 ‚
1243 268 1363 317 sedit
1380 271 1516 317 annis
1536 288 1599 318 xv

159 363 161 367 ’
182 346 424 395 mensibus
446 364 522 403 111,
544 358 756 412 tempore
780 348 1019 413 Antonini
1040 357 1088 393 ct
1112 347 1380 396 Commodi.
1409 348 1496 395 Hic
1519 347 1604 396 de-

184 425 341 472 finivit
365 436 418 473 ut
435 425 600 474 absens
625 443 724 473 non
743 419 1002 489 judicetur,
1032 445 1118 473 nec
1139 428 1187 474 in
1212 445 1321 476 eum
1341 427 1604 493 proditoris

183 504 418 551 calumnia
452 506 526 553 vel
556 522 649 553 vox
683 504 917 551 audiatur.
958 505 1098 552 Nulla
1135 524 1264 563 esca,
1300 524 1410 572 quae
1449 518 1604 556 tamen

184 581 387 630 humana
425 594 472 631 et
513 583 757 631 rationalis
794 594 888 641 est,
926 602 950 630 a
989 583 1269 633 Christianis
1306 585 1601 652 repudietur.

182 660 364 709 Deinde
384 671 474 709 νιιυ
493 662 585 709 kal.
600 662 726 726 junii
747 661 894 720 obiit,
918 672 965 710 et
985 664 1180 710 cessavit
1197 665 1492 731 episcopatus
1508 666 1608 714 die—

181 738 272 787 bus
296 757 326 787 v
352 742 443 805 (1).

248 818 418 867 Victor
438 819 555 868 Afer
571 819 690 868 sedit
707 821 843 868 annis
865 839 895 867 x
915 820 1159 869 mensibus
1183 838 1216 868 11
1239 821 1405 870 diebus
1420 842 1465 870 x.
1487 828 1608 871 Mar·

182 895 314 960 tyrio
336 907 593 944 coronatus
617 908 687 945 est
710 898 802 944 kal.
829 899 1042 963 augusti,
1070 908 1118 946 et
1141 900 1336 947 cessavit
1362 901 1607 966 episcopa-

184 984 261 1020 tus
283 973 449 1022 diebus
474 993 562 1023 xn.
586 976 674 1023 Hic
692 976 903 1024 decrevit
933 986 987 1022 ut
1009 993 1153 1024 nemo
1177 977 1234 1025 de
1260 978 1453 1026 incertis
1479 979 1605 1043 judi-

184 1062 319 1100 cetur
345 1055 438 1118 (2).

248 1131 551 1197 Zephyrinus
579 1134 822 1181 Romanus
846 1133 967 1181 sedit
990 1134 1127 1181 annis
1152 1151 1240 1181 vm
1268 1134 1511 1183 mensibus
1537 1153 1605 1182 vu

182 1209 350 1257 diebus
369 1227 422 1267 x,
455 1221 669 1276 tempore
687 1212 923 1259 Antonini
948 1222 995 1260 et
1018 1212 1195 1260 Severi.
1214 1212 1301 1261 Via
1321 1231 1435 1261 vero
1454 1214 1605 1278 Appia

185 1295 278 1334 vn⁰
302 1288 395 1335 kal.
423 1289 705 1354 septembris
729 1292 939 1354 sepultus
959 1301 1052 1350 est,
1075 1300 1121 1337 et
1144 1291 1339 1338 cessavit
1363 1292 1608 1356 episcopa-

185 1375 262 1412 tus
283 1365 450 1414 diebus
467 1384 556 1414 vn.
583 1368 671 1414 Hic
693 1368 943 1415 constituit
966 1377 1021 1414 ut
1045 1369 1218 1432 injuste
1241 1368 1505 1432 expoliatus
1525 1386 1606 1415 sua

185 1444 345 1507 primo
369 1445 596 1509 recipiat,
622 1456 670 1493 et
697 1457 806 1510 post
830 1446 1038 1511 legitime
1057 1445 1386 1492 accusantibus
1411 1463 1608 1510 respon-

183 1521 316 1578 deat,
347 1521 679 1588 induciasque,
707 1523 743 1570 si
778 1524 816 1571 ei
850 1541 1035 1571 necesse
1060 1522 1230 1579 fuerit,
1266 1540 1366 1570 non
1400 1523 1608 1571 modicas

183 1600 382 1664 accipiat
405 1601 494 1664 (3).

248 1678 458 1725 Calixtus
479 1680 746 1738 Romanus,
768 1681 825 1728 de
843 1682 1038 1746 regione
1057 1682 1355 1739 Ravennati,
1381 1680 1502 1728 sedit
1524 1699 1607 1728 an-

183 1757 257 1802 nis
284 1773 351 1802 vu
383 1757 624 1804 mensibus
655 1774 687 1803 11
715 1758 882 1805 diebus
911 1776 970 1815 x,
1001 1757 1089 1804 sub
1115 1758 1334 1804 Macrino
1361 1768 1407 1805 et
1437 1757 1607 1807 Helio-

182 1937 262 1973 ἐπε
280 1937 557 1984 contemporain
576 1937 622 1971 dc
645 1938 807 1985 Septime
830 1938 977 1980 Severe,
1004 1936 1095 1972 dont
1119 1937 1152 1971 le
1178 1938 1291 1984 regne
1314 1937 1372 1970 n’a
1398 1940 1608 1973 commence-

183 1998 293 2045 qu'en
316 1996 392 2045 195.

231 2059 282 2104 (ι)
307 2056 510 2106 (177-193.)
530 2058 577 2091 Lo
595 2056 640 2091 26
660 2057 729 2090 mai
749 2056 866 2103 parait
886 2056 964 2091 eti-e
979 2055 1011 2090 le
1025 2056 1111 2102 jour
1130 2054 1176 2090 de
1194 2054 1225 2089 la
1242 2054 1454 2089 translation
1472 2054 1534 2089 des
1549 2067 1608 2089 rc-

185 2118 303 2166 liques
320 2118 366 2154 de
389 2119 481 2153 saint
502 2110 698 2153 menthe-re
717 2129 762 2151 au
780 2118 956 2160 vatican,
978 2123 1015 2151 et
1032 2129 1105 2151 non
1123 2115 1216 2152 celui
1242 2115 1287 2151 de
1307 2128 1343 2150 sa
1362 2122 1477 2159 mort,
1498 2116 1609 2163 qu'on

187 2180 280 2214 croit
298 2179 378 2214 etre
395 2180 533 2213 arrivee
550 2178 583 2213 lr-
602 2177 648 2212 26
665 2177 883 2225 septembre.

234 2239 284 2284 (2)
309 2236 458 2285 (193-28
480 2237 626 2282 juillet?
649 2240 747 2281 202.)
771 2236 800 2270 ΙΙ
827 2235 887 2282 n’y
913 2248 932 2270 a
957 2247 1088 2270 encore
1112 2234 1192 2269 rien
1210 2233 1256 2268 de
1278 2233 1417 2268 certain
1441 2233 1478 2267 ni
1498 2245 1561 2268 sur
1580 2232 1612 2267 1(-

182 2300 282 2345 jour,
306 2299 343 2333 ni
362 2309 425 2332 sur
444 2297 475 2332 le
497 2310 606 2343 genre
624 2296 670 2331 de
688 2296 720 2331 la
739 2303 836 2331 mort
854 2295 900 2331 de
917 2308 957 2330 cc
977 2308 1080 2343 pape.

235 2358 286 2406 (3)
311 2361 463 2402 (202-‘20
480 2357 674 2393 decembre
692 2358 789 2403 218.)
812 2358 869 2392 Au
888 2356 961 2391 lieu
985 2356 1031 2392 de
1048 2367 1106 2391 ces
1130 2361 1225 2390 mots
1249 2370 1255 2388 :
1280 2355 1467 2389 Antonini
1487 2360 1522 2388 et
1548 2354 1612 2387 Se-

188 2421 279 2463 veri,
296 2432 343 2454 on
358 2418 437 2453 doit
453 2419 520 2453 lire
537 2434 541 2452 :
567 2419 694 2452 Seven·
707 2425 742 2452 et
758 2419 955 2459 Antonini,
977 2429 1017 2452 cc
1033 2428 1125 2464 pape
1140 2422 1248 2462 ayant
1262 2416 1320 2450 etc
1334 2414 1613 2461 contemporain

188 2479 234 2513 de
253 2479 416 2526 Septimo
433 2477 563 2512 severe
578 2484 613 2511 et
630 2477 675 2512 dc
691 2477 873 2512 Caracalla
886 2505 894 2518 ,
911 2484 948 2511 et
963 2488 1035 2511 non
1053 2475 1100 2510 de
1120 2473 1322 2511 Commode
1339 2480 1376 2508 et.
1389 2473 1435 2507 de
1454 2473 1616 2519 Septimo

188 2539 339 2582 Severe,
361 2550 503 2573 comme
518 2544 623 2572 notre
636 2544 768 2572 auteur
782 2537 919 2572 semble
933 2537 1032 2571 avoir
1050 2534 1160 2570 voulu
1178 2535 1388 2582 l'indiquor.
1407 2533 1468 2566 On
1485 2545 1530 2566 ne
1548 2533 1614 2566 sait

189 2597 270 2632 rien
292 2597 338 2632 de
364 2597 502 2632 certain
523 2608 586 2631 sur
610 2596 660 2630 les
687 2595 816 2631 details
841 2595 888 2630 de
907 2607 942 2630 sa
961 2595 1017 2629 vie
1035 2601 1073 2629 et
1090 2593 1135 2628 dc
1160 2605 1226 2628 son
1246 2590 1560 2627 administrationi.
1585 2591 1613 2624 ll

188 2657 245 2692 fut
262 2670 308 2692 en
320 2657 404 2693 effet
417 2659 566 2693 enterre'
585 2656 618 2691 lc
637 2656 724 2702 long
742 2656 788 2691 do
806 2655 837 2690 la
858 2656 935 2690 voie
955 2654 1166 2702 Appienne,
1189 2653 1279 2687 dans
1298 2652 1331 2685 lc
1344 2650 1532 2685 cimona-ro
1549 2650 1615 2697 qui

189 2730 208 2752 a
226 2720 332 2764 porte
350 2731 415 2765 par
433 2719 463 2754 la
480 2719 574 2754 suite
596 2718 628 2753 lc
645 2730 729 2752 nom
750 2716 796 2751 de
815 2730 880 2752 son
899 2727 1108 2751 successeur
1124 2713 1313 2748 immediat
1326 2739 1334 2749 ,
1355 2711 1445 2745 saint
1464 2709 1611 2744 Calistv.
