1738 3043
648 244 802 284 LIBER
833 244 1042 283 PRIMUS.
1485 248 1558 284 *35

130 327 289 393 gessit.
310 325 594 390 Gregorius,
619 339 833 372 romanae
856 323 1063 371 ecclesiae
1085 323 1303 388 pontifex
1324 334 1372 370 et
1389 323 1561 371 doctor

132 406 362 462 eximius,
384 422 514 450 anno
541 402 758 450 Mauricii
785 402 972 466 imperii
995 412 1124 458 xlm,
1150 402 1412 450 indictione
1430 413 1557 459 xlm,

133 483 372 550 synodum
411 483 746 547 episcoporum
795 496 917 527 xxm
960 479 1017 526 acl
1056 497 1228 545 corpus
1265 479 1389 528 beati
1433 481 1562 527 Petri

133 561 336 627 apostoli
381 577 672 626 congregans
689 595 702 615 ,
746 558 803 606 de
844 559 1116 606 necessariis
1151 559 1358 607 ecclesiae
1398 558 1564 606 decer-

133 642 226 688 nit.
274 640 432 698 Idem,
476 638 628 686 missis
668 638 969 685 Britanniam
1005 636 1304 702 Augustino,
1350 638 1560 694 Melino,

132 721 333 777 Joanne‚
354 720 551 784 aliisque
570 716 789 782 pluribus
810 735 918 764 cum
934 717 998 764 eis
1017 716 1264 765 monachis
1284 717 1564 765 timentibus

133 799 285 846 Deum
301 834 314 856 ‚
358 797 415 845 ad
456 796 701 844 Christum
738 795 920 861 Anglos
958 798 1217 843 convertit.
1268 797 1329 842 Et
1371 796 1563 860 quidem

133 876 404 925 Edilbertus
450 893 563 924 mox
607 875 664 922 ad
702 873 879 922 Christi
922 875 1123 940 gratiam
1163 891 1420 921 com-ersus
1455 892 1564 920 cum

128 965 270 1021 gente
295 954 667 1001 Cantuariorum
682 989 694 1010 ,
722 953 798 999 cui
824 962 1028 1017 praeerat
1045 988 1056 1008 ,
1093 952 1422 1017 proximisque
1445 969 1564 1016 pro—

132 1033 302 1079 vinciis
316 1068 328 1088 ‚
359 1032 501 1080 etiam
515 1032 792 1097 episcopum
812 1029 1157 1094 doctoremque
1182 1047 1322 1076 suum
1342 1029 1566 1094 Augusti-

134 1128 275 1168 num,
303 1110 382 1157 sed
407 1121 454 1157 et
484 1120 683 1157 caeteros
711 1125 867 1156 sacros
897 1108 1132 1155 antistites
1166 1108 1420 1172 episcopali
1459 1107 1565 1155 sede

131 1188 359 1237 donabat.
383 1189 536 1236 Porro
560 1198 723 1253 gentes
743 1187 1011 1251 Anglorum
1033 1185 1091 1232 ab
1111 1185 1336 1250 aquilone
1356 1184 1561 1232 Humbri

134 1266 375 1323 fluminis,
402 1265 490 1312 sub
515 1264 705 1331 regibus
731 1264 837 1312 Elle
859 1276 906 1312 et
929 1263 1167 1311 Edilfrido
1200 1263 1329 1319 sitae,
1359 1263 1565 1311 necdum

132 1344 337 1394 verbum
373 1346 483 1392 vitae
525 1343 775 1392 audierant
813 1344 905 1407 (1).
951 1342 1211 1407 Gregorius
1251 1351 1395 1389 Χνιιιυ
1435 1360 1565 1390 anno

133 1424 352 1471 Mauricii
387 1422 651 1470 indictione
677 1429 770 1479 iva,
808 1420 1020 1468 scribens
1044 1420 1339 1486 Augustino,
1374 1420 1565 1468 Lundo-

134 1503 229 1550 niae
249 1519 442 1568 quoque
466 1511 513 1548 et
536 1499 743 1546 Eburaci
764 1500 1021 1564 episcopis,
1043 1509 1238 1563 accepto
1263 1517 1286 1546 a
1313 1498 1420 1546 sede
1450 1516 1562 1564 apo-

134 1580 299 1627 stolica
324 1579 493 1644 pallio,
514 1578 913 1644 metropolitanos
937 1595 1033 1625 esse
1051 1577 1225 1626 debere
1249 1577 1488 1634 decernit;
1517 1589 1564 1626 et

133 1671 243 1725 post
267 1676 316 1706 ιν
346 1676 497 1706 annos
521 1657 646 1706 obiit
671 1659 764 1722 (2).

197 1739 343 1786 Focas
364 1739 501 1784 annis
523 1754 627 1784 vin.
655 1737 770 1795 Hic,
799 1747 998 1802 rogante
1021 1753 1139 1801 papa
1163 1734 1439 1793 Bonifacio,
1466 1747 1564 1782 sta-

132 1818 227 1864 tuit
251 1816 409 1865 sedem
434 1833 647 1864 romanae
673 1827 720 1864 et
746 1816 1019 1881 apostolicae
1049 1815 1259 1862 ecclesiae
1293 1824 1435 1878 caput
1467 1832 1563 1862 esse

130 1897 351 1945 omnium
382 1896 713 1951 ecclesiarum,
741 1895 852 1960 quia
885 1894 1077 1942 ecclesia
1112 1893 1564 1956 Constantinopoli-

131 1985 238 2021 tana
257 1974 462 2038 primam
480 1991 528 2019 se
544 1971 783 2019 scribebat
807 1971 1028 2018 omnium
1059 1970 1380 2018 ecclesiarum.
1402 1970 1532 2016 Idem
1547 2005 1558 2025 ,

133 2052 227 2100 alio
267 2069 385 2116 papa
425 2049 676 2098 Bonifacio
713 2059 932 2114 petente,
962 2049 1102 2113 jussit
1143 2048 1191 2094 in
1227 2048 1374 2095 veteri
1416 2047 1560 2103 sano,

134 2129 266 2197 quod
288 2128 539 2177 Pantheon
565 2126 842 2183 vocabatur,
867 2126 1034 2173 ablatis
1060 2125 1292 2173 idolatriae
1317 2124 1559 2182 sordibus,

180 2302 231 2347 (i)
257 2299 420 2335 Maurice
438 2300 573 2346 epousa
586 2310 632 2332 en
649 2296 734 2332 effet
745 2296 1006 2339 Constantine,
1032 2295 1104 2330 fille
1122 2294 1167 2329 de
1183 2295 1320 2329 Tibiw
1340 2295 1388 2329 11.
1412 2296 1461 2329 Le
1476 2306 1563 2328 con-

135 2361 203 2398 cile
225 2360 317 2396 dont
340 2359 366 2395 il
383 2359 488 2405 s’agit
504 2359 550 2393 ici
565 2365 621 2393 est
633 2357 666 2392 le
681 2357 868 2392 troisicine
886 2355 932 2391 de
948 2355 1084 2400 Rome,
1103 2362 1232 2390 oux-ert
1249 2354 1282 2389 le
1303 2354 1325 2390 5
1339 2354 1462 2401 juillet
1483 2353 1564 2402 595.

135 2421 280 2458 L'envoi
305 2419 369 2455 des
392 2419 664 2454 missionnaires
688 2430 734 2453 en
765 2416 983 2464 Angleterre
1012 2428 1077 2463 par
1106 2415 1202 2450 saint
1223 2415 1409 2462 Gregoire
1433 2427 1565 2462 appar—

135 2481 231 2517 tient
251 2482 271 2515 a
289 2478 430 2514 l’annee
450 2478 637 2519 suivante3
659 2476 702 2511 ils
720 2488 740 2523 y
767 2476 972 2511 ai·riv‹'=rent
993 2487 1039 2509 en
1064 2473 1152 2522 595,
1178 2480 1215 2509 et
1234 2473 1359 2508 surcnt
1384 2473 1568 2508 accucillis

134 2551 220 2575 avec
235 2538 508 2575 enthousiasme
528 2549 593 2583 par
611 2535 822 2577 Ethelbert,
845 2534 900 2569 roi
919 2534 965 2569 de
981 2534 1088 2569 kent.
1107 2533 1252 2579 voyez,
1275 2532 1364 2567 dans
1382 2532 1568 2567 l'Hislm're

136 2599 411 2646 eccleki'astique
433 2596 479 2632 de
501 2595 598 2631 Bede
615 2595 696 2640 (liv.
719 2607 748 2638 ι,
775 2595 835 2629 ch.
856 2591 1003 2639 ’λδ-55),
1024 2600 1146 2628 tontes
1162 2592 1214 2628 les
1237 2594 1505 2628 circonstances
1524 2591 1569 2625 dr

137 2666 232 2695 cette
246 2659 411 2702 mission,
423 2664 461 2692 et
471 2657 505 2692 la
518 2654 833 2703 correspondance
846 2653 892 2689 de
908 2654 1003 2689 saint
1014 2653 1199 2700 Gregoire
1212 2665 1298 2688 avec
1315 2653 1408 2688 saint
1423 2652 1567 2689 Ausim,

138 2720 201 2766 qui
219 2731 265 2754 en
284 2719 374 2754 etait
391 2717 425 2754 le
442 2716 538 2753 chef.

185 2778 235 2822 (a)
261 2777 374 2820 Bbdc,
396 2775 558 2812 Hisloirc
577 2775 868 2820 ecclesi-iassique,
889 2773 950 2809 liv.
975 2786 1006 2816 ι,
1029 2773 1088 2808 ch.
1110 2784 1168 2818 29.
