1738 3043
168 204 246 240 :386
533 200 774 237 lllSTORlA
806 199 1208 239 ECCLESIASTICA.

170 279 479 330 tionabilibus
514 280 749 345 responsis
779 280 835 326 ad
869 296 1028 327 veram
1061 279 1202 327 fidem
1227 280 1467 330 inflectere
1495 301 1581 332 co-

167 370 305 406 natus
327 367 414 404 est.
442 357 660 421 Denique
679 355 909 404 seditiosis
931 357 1333 405 tumultuantibus
1347 394 1361 416 ‚
1383 360 1441 406 ad
1456 360 1581 408 Ner-

168 453 273 481 xam
312 434 488 499 pariter
527 444 572 481 et
612 435 866 497 Trajanuin
902 434 958 481 dc
998 434 1079 481 illo
1117 435 1285 482 relatio
1318 437 1455 483 missa
1491 447 1576 484 est.

170 516 398 577 Trajanus
423 529 536 559 vero
559 511 821 560 rescribens
839 511 1002 577 jubet,
1027 514 1061 558 si
1085 513 1301 561 Clemens
1324 514 1583 563 sacrificare

168 590 345 647 nollet,
374 601 503 635 trans
525 590 733 636 Pontum
753 590 894 636 maris
918 589 1047 654 quod
1067 590 1245 636 civitati
1265 590 1486 639 Cersonae
1507 592 1582 656 (1)

169 668 362 731 adjacet,
378 666 570 714 exilium
584 664 787 723 subiret;
806 676 986 712 tantam
996 666 1434 731 gratiamDominus
1443 665 1584 716 beato

170 744 402 791 Clementi
437 742 606 789 tribuit
642 754 695 788 ut
724 743 890 807 pagani
919 743 1059 790 etiam
1091 743 1313 807 praesides
1336 761 1476 808 super
1500 743 1584 792 illo

173 821 359 868 llerent.
394 820 608 866 Julianus
640 837 810 883 praeses
837 819 971 865 illum
997 819 1095 866 Deo
1125 820 1317 884 plorans
1343 838 1586 868 commen-

170 898 299 945 daxit
314 934 326 954 ,
355 898 491 962 eique
519 914 686 943 navem
717 895 940 943 omnibus
965 898 1236 943 necessariis
1259 907 1478 944 onustam
1497 897 1586 945 de-

171 976 359 1041 legavit.
390 975 534 1021 Multi
567 991 674 1021 eum
701 973 906 1039 religiosi
936 974 1026 1019 viri
1051 973 1108 1020 de
1135 973 1273 1038 plebe
1293 984 1340 1022 et
1363 974 1491 1023 clero
1514 992 1588 1023 se-

173 1055 268 1100 cuti
287 1063 410 1099 sunt.
429 1054 482 1099 In
498 1052 639 1099 exilio
656 1052 761 1116 plus
776 1069 919 1116 quam
933 1050 1028 1098 duo
1042 1052 1190 1098 millia
1206 1051 1588 1101 Christianorum

173 1132 229 1179 ad
262 1149 499 1180 marmora
536 1129 730 1178 secanda
765 1129 1010 1177 damnatos
1043 1128 1207 1176 beatus
1235 1148 1353 1195 papa
1381 1131 1587 1188 invenit;

173 1228 293 1276 quos
338 1227 448 1256 cum
486 1226 577 1273 pro
620 1209 706 1255 Dei
753 1209 947 1255 nomine
992 1208 1221 1273 relegatos
1267 1209 1588 1275 cognovisset,

175 1289 429 1345 exultavit,
457 1288 616 1352 cisque
641 1287 880 1350 copiosam
903 1286 959 1334 de
981 1287 1205 1334 servanda
1230 1286 1320 1334 fide
1343 1297 1392 1335 et
1415 1287 1594 1352 patien-

177 1367 241 1412 tia
288 1365 556 1413 doctrinam
603 1365 831 1429 erogavit.
878 1363 1056 1411 Deinde
1099 1374 1154 1410 ut
1191 1365 1417 1430 cognovit
1461 1364 1603 1430 quod,

178 1462 346 1511 aquam
368 1443 577 1490 humeris
595 1443 688 1489 suis
706 1461 729 1488 a
750 1452 882 1489 sexto
906 1442 1131 1489 milliario
1149 1441 1482 1506 deportarent,
1503 1442 1596 1490 Do·-

178 1522 368 1567 minum
400 1520 555 1567 oravit
588 1529 634 1565 et
666 1536 837 1582 aquam
872 1519 1027 1582 petiit.
1063 1518 1308 1582 Completa
1342 1537 1455 1567 vero
1487 1536 1597 1566 ora—

181 1599 337 1654 tione,
364 1614 541 1661 agnum
567 1605 770 1642 stantem
793 1613 933 1660 super
956 1607 1173 1643 montem
1195 1595 1340 1653 vidit,
1367 1607 1414 1643 et
1436 1597 1594 1644 locum

181 1693 325 1742 quem
348 1692 494 1739 agnus
527 1683 685 1721 erecto
712 1672 829 1737 pede
859 1673 1028 1720 dextro
1057 1683 1427 1731 monstraverat,
1461 1673 1593 1721 brevi

183 1753 368 1800 sarculo
392 1752 558 1798 leviter
580 1749 811 1814 percussit
827 1785 842 1808 ‚
863 1760 909 1797 et
932 1749 1118 1796 fontem
1144 1749 1443 1797 affluentibus
1468 1751 1601 1798 venis

185 1842 411 1879 ornatum
433 1828 646 1893 aperuit,
675 1828 756 1893 qui
786 1826 947 1874 subito
975 1828 1157 1892 impetu
1184 1845 1380 1876 vomens
1405 1828 1604 1876 fluvium

185 1911 315 1957 fecit.
339 1908 408 1955 Ad
428 1906 547 1953 hanc
565 1905 737 1952 famam
754 1905 989 1952 confluxit
1002 1906 1159 1954 omnis
1176 1906 1444 1970 provincia,
1462 1916 1604 1972 atque

186 1987 455 2035 doctrinam
467 1983 813 2030 sanctiClemen
823 1994 834 2028 1
844 1983 878 2028 is
889 1983 1093 2047 suscepit
1103 1983 1362 2031 multitudo
1371 1984 1572 2031 maxima
1585 2004 1597 2044 3

191 2067 253 2113 ita
275 2075 328 2110 ut
347 2065 395 2110 in
418 2063 493 2110 die
515 2079 608 2109 una
628 2062 904 2127 quingentae
929 2062 1099 2108 animae
1121 2061 1193 2108 vel
1215 2061 1414 2125 amplius
1436 2061 1600 2136 bapti-

192 2155 305 2191 zatae
342 2150 518 2197 essent,
558 2138 720 2203 ibique
756 2139 882 2185 intra
921 2156 1073 2185 unum
1105 2156 1311 2197 annum,
1351 2137 1604 2186 confractis

195 2221 331 2268 idolis
357 2237 380 2265 a
406 2215 735 2272 credentibus,
763 2233 855 2262 Lxx
880 2226 927 2264 et
949 2233 979 2262 v
999 2215 1204 2263 ecclesiae
1222 2215 1359 2263 factae
1383 2226 1553 2265 essent.

251 2299 372 2344 -Post
401 2311 551 2342 annos
587 2304 707 2351 tres,
745 2294 938 2358 Paganis
971 2293 1321 2352 insistentibus,
1354 2294 1412 2342 ad
1442 2295 1606 2359 Traja-

198 2393 313 2423 num
342 2376 673 2437 imperatorem
711 2372 937 2421 invidiosa
974 2373 1140 2420 relatio
1171 2374 1382 2420 cucurrit
1392 2392 1406 2430 3
1433 2382 1480 2420 et
1503 2372 1605 2420 Au-

199 2452 399 2500 fidianus
446 2449 540 2495 dux
584 2447 642 2493 ab
689 2466 744 2495 eo
789 2449 953 2495 missus
994 2449 1186 2496 diversis
1230 2450 1386 2514 poenis
1429 2450 1604 2498 multos

251 2639 300 2681 (ι)
325 2633 516 2669 Ρριιῖ-ῥιῑο
540 2632 742 2675 (vemas-ona,
762 2633 843 2667 ville
867 2632 958 2668 cite-e
977 2646 1041 2680 par
1059 2634 1240 2679 Procope,
1261 2633 1375 2668 situe‘e
1392 2647 1438 2669 au
1455 2634 1547 2671 bord
1565 2635 1611 2670 de

204 2696 234 2729 la
256 2708 332 2729 mei·
353 2693 463 2727 λοίγι’
475 2720 483 2733 ‚
501 2693 519 2726 a
536 2691 596 2725 dix
610 2691 781 2736 jourm'ees
800 2691 845 2725 de
866 2692 1138 2728 l’cmbouchure
1154 2691 1203 2727 du
1221 2692 1383 2729 Danube.
