1738 3043
246 257 322 295 274
613 254 644 290 ll
656 253 850 291 ΙὸἸῸΙὶΙΑ
883 253 1286 291 EcclAEslAS'rch.

247 337 396 383 erucis
421 337 609 398 signum
631 333 768 389 fecit,
805 342 852 380 et
880 351 968 396 pro
996 332 1252 380 salvatione
1279 351 1474 381 suorum
1505 335 1653 382 Deum

246 415 414 462 oravit.
446 411 651 476 Angelus
679 422 834 457 autem
862 411 1052 457 Domini
1081 428 1188 456 eum
1213 428 1386 475 magno
1410 411 1657 475 splendore

245 489 545 555 praeteriens,
571 487 748 553 gladios
766 506 930 535 eorum
954 488 1133 550 tetigit,
1156 499 1201 534 ct
1219 488 1391 535 eisdem
1416 489 1465 535 in
1484 499 1655 535 terram

242 565 577 614 corruentibus
604 566 676 611 vir
701 565 781 611 Dei
810 582 917 611 cum
937 565 1029 611 suis
1051 564 1218 610 illaesus
1239 565 1472 611 transivit.
1496 566 1656 612 Perin-

245 644 380 690 thum
398 644 682 690 maritimam
701 643 917 689 Thraciae
937 644 1175 690 civitatem
1194 643 1403 690 Andreas
1419 644 1657 707 apostolus
1719 651 1731 661 “

243 724 486 787 pervenit,
517 721 675 786 ibique
703 740 897 780 navem,
924 739 1030 785 quae
1058 722 1104 767 in
1133 721 1457 769 Macedoniam
1480 739 1657 785 prope-

243 812 395 857 raret,
437 802 644 856 invenit;
686 801 733 846 in
769 818 910 864 quam
950 800 1126 846 intrare
1165 799 1433 863 apostolum
1469 799 1658 864 angelus

243 877 325 924 Dei
347 878 589 941 praecepit.
614 878 850 940 Ingressus
869 885 1028 920 autem
1043 874 1239 921 verbum
1256 877 1336 923 Dei
1359 875 1654 939 praedicavit,

243 964 288 1000 et
313 965 453 1000 nauta
479 972 586 999 cum
611 953 834 1000 omnibus
859 952 1090 998 naucleris
1113 953 1159 999 in
1186 956 1336 1000 Deum
1357 954 1572 1001 credidit.

308 1035 464 1080 Exous
486 1029 658 1076 nobilis
678 1047 729 1075 ac
754 1029 885 1076 valde
904 1028 1032 1076 dives
1050 1031 1237 1092 juvenis
1261 1031 1310 1076 in
1331 1031 1656 1078 Thessalonica

244 1120 360 1158 erat.
409 1109 496 1154 Hic
539 1107 595 1153 ad
635 1106 902 1170 apostolum
945 1106 1263 1154 nescientibus
1302 1108 1396 1154 suis
1435 1109 1656 1163 accessit,

246 1189 491 1252 ipsumque
515 1184 853 1249 praedicantem
888 1183 1085 1231 *erbum
1120 1186 1203 1231 Dei
1235 1184 1451 1243 audiens,
1482 1186 1530 1233 in
1563 1186 1661 1232 Do-

243 1266 426 1311 minum
466 1262 691 1318 eredidit,
731 1272 778 1309 et
808 1262 1094 1325 contemptis
1126 1261 1404 1325 parentibus
1436 1280 1489 1309 ac
1521 1261 1661 1310 rebus

244 1343 364 1398 suis,
392 1342 431 1388 ei
457 1340 668 1387 adhaesit.
697 1344 914 1386 Parentes
939 1342 1035 1403 ejus
1059 1357 1168 1386 eum
1191 1351 1458 1405 quaerentes
1478 1339 1661 1405 Philip-

243 1422 317 1484 pis
350 1421 662 1474 invenerunt,
692 1419 940 1481 ipsumque
971 1417 1030 1463 ab
1056 1417 1271 1481 apostolo
1305 1417 1582 1465 muneribus
1615 1429 1662 1464 ct

246 1497 389 1544 minis
407 1513 645 1559 segregare
664 1494 796 1541 valde
820 1495 975 1540 conati
1002 1505 1112 1540 sunt
1126 1530 1139 1551 ,
1161 1494 1240 1541 sed
1261 1511 1359 1542 non
1378 1504 1658 1559 potuerunt.

247 1573 540 1621 Praedicante
579 1572 794 1634 apostolo
828 1571 1028 1617 verbum
1067 1572 1227 1617 salutis
1264 1583 1573 1635 spreverunt,
1616 1583 1663 1617 et

248 1659 506 1697 convocata
523 1647 719 1695 cohorte
737 1649 889 1712 ignem
908 1648 954 1693 in
973 1647 1170 1694 domum
1189 1648 1452 1710 injecerunt
1465 1683 1477 1704 ,
1498 1647 1659 1695 fasces-

248 1745 339 1792 que
354 1727 550 1782 carecti,
568 1726 804 1791 scirpique
822 1736 869 1772 et
881 1725 1138 1772 facularum
1158 1724 1450 1782 adhibentes,
1467 1726 1661 1773 domum

247 1804 529 1852 succendere
564 1814 830 1868 coeperunt.
863 1805 1002 1850 Tunc
1028 1803 1214 1866 juvenis
1244 1803 1501 1867 ampullam
1529 1821 1662 1868 aquae

251 1902 359 1930 cum
386 1883 683 1930 invocatione
715 1882 923 1929 nominis
949 1881 1123 1927 Christi
1156 1881 1356 1946 desuper
1385 1882 1579 1938 effudit,
1617 1892 1665 1928 et

251 1960 408 2007 divina
445 1961 594 2006 virtus
630 1977 773 2006 omne
812 1958 1110 2016 incendium,
1142 1977 1194 2005 ac
1220 1960 1254 2005 si
1285 1976 1530 2006 accensum
1566 1975 1663 2005 non

251 2039 440 2095 fuisset,
467 2038 625 2084 statim
648 2037 868 2085 extinxit.
897 2036 1075 2084 Deinde
1097 2035 1263 2083 furiosi
1289 2036 1429 2082 scalas
1447 2035 1664 2082 admove-

252 2125 369 2161 runt
391 2126 444 2161 ut
467 2115 797 2171 ascenderent,
827 2131 999 2179 eosque
1027 2112 1182 2178 gladio
1212 2113 1559 2168 interficet-enm
1585 2112 1665 2159 sed

251 2191 479 2238 divinitus
510 2191 726 2238 excaecati
758 2203 896 2246 sunt,
924 2209 982 2238 ne
1013 2208 1254 2239 ascensum
1286 2191 1514 2236 scalarum
1537 2188 1668 2235 vide-

254 2278 379 2313 rent.
425 2268 562 2314 Tune
601 2267 904 2330 Lysimachus
939 2267 1131 2331 quidam
1164 2284 1189 2313 e
1233 2264 1413 2312 civibus
1452 2265 1665 2313 divinum

254 2362 372 2408 opus
395 2344 620 2401 advertit,
649 2344 1011 2408 vicinorumque
1032 2344 1261 2390 insaniam
1279 2343 1498 2391 audacter
1515 2343 1668 2390 redar-

253 2422 382 2486 guit,
423 2421 582 2468 dicens
624 2442 634 2467 :
679 2422 738 2468 Ut
774 2422 915 2486 quid,
958 2440 986 2468 ο
1030 2423 1152 2480 viri,
1199 2440 1338 2470 casso
1378 2439 1466 2469 vos
1509 2421 1668 2469 labore

255 2498 567 2546 consumitis?
588 2500 717 2546 Deus
744 2503 870 2545 enim
893 2511 1086 2565 pugnat
1100 2518 1195 2565 pro
1218 2501 1334 2547 viris
1359 2500 1486 2557 istis,
1516 2511 1559 2546 et
1580 2516 1666 2546 vos

255 2594 345 2622 non
379 2577 680 2640 cognoscitis,
719 2578 761 2623 C
761 2588 913 2623 essale
933 2577 994 2623 ab
1016 2577 1108 2623 lzac·
1128 2577 1354 2634 stultitia,
1382 2593 1441 2622 ne
1463 2595 1546 2622 vos
1569 2594 1668 2623 009-

257 2654 383 2699 lestis
421 2665 669 2699 consumat
707 2656 796 2699 ira.
839 2655 919 2699 llis
954 2653 1116 2710 (lictis,
1158 2671 1320 2700 omnes
1358 2653 1497 2700 corde
1534 2669 1667 2699 com-

260 2730 421 2792 puncti
447 2740 584 2784 sunt,
612 2741 658 2775 et.
680 2729 924 2776 tenebrosa
951 2740 1090 2776 nocte
1113 2716 1390 2793 ingruente,
1417 2722 1665 2793 ipsi·coeli-
