1738 3043
638 192 791 232 LIBER
821 192 1102 231 SECUNDUS.
1512 195 1586 234 437

228 271 325 318 Leo
342 270 528 335 junior,
564 271 760 318 natione
785 271 999 329 Siculus,
1028 271 1085 318 de
1108 281 1242 336 patre
1269 272 1440 331 Paulo,
1469 273 1589 320 sedit

161 345 403 394 mensibus
422 363 452 392 x
470 346 635 394 diebus
654 363 774 394 xvu.
798 347 885 393 llic
909 347 1117 394 multum
1142 348 1236 394 fuit
1259 349 1514 414 eloquenS‚
1536 351 1586 397 in

161 425 334 472 divinis
368 425 616 489 scripturis
653 425 942 485 instructus,
979 444 1131 491 graeca
1169 437 1216 473 et
1252 427 1398 474 latina
1424 428 1588 494 lingua

162 503 404 561 eruditus,
449 503 684 550 cantilena
725 513 772 549 et
807 503 1067 567 psalmodia
1107 505 1375 569 praecipuus
1393 542 1406 563 ,
1449 518 1496 553 et
1536 507 1587 554 in

163 584 346 629 cunetis
369 581 593 648 operibus
619 580 760 628 bonis
790 581 998 628 multum
1023 593 1260 630 strenuus.
1289 584 1479 632 Sextam
1504 604 1589 652 sy·-

161 661 345 709 nodum
387 662 511 708 intra
559 659 786 725 palatium
830 660 1132 707 Constantini
1172 663 1372 726 Augusti
1398 700 1413 723 ,
1458 664 1590 728 quod

163 739 357 786 Trullus
392 740 462 803 (1)
505 739 798 804 appellatur,
839 738 1125 786 celebratam
1167 743 1372 806 suscepit
1391 780 1403 803 ‚
1446 753 1493 789 et
1532 742 1591 790 de

161 833 317 882 graeco
333 817 381 864 in
396 816 599 863 latinum
615 816 955 863 studiosissime
970 817 1230 865 transtulit.
1248 819 1387 865 Tunc
1401 824 1502 866 xv1⁰
1515 819 1591 868 die

161 896 336 942 mensis
356 894 534 960 aprilis,
557 894 818 941 indictione
832 903 900 940 311³
916 906 1024 959 post
1036 912 1225 943 coenam
1237 897 1429 944 Domini
1443 933 1456 955 ,
1478 897 1590 945 luna

163 971 392 1037 eclypsim
428 971 655 1036 pertulit,
694 983 741 1019 et
771 989 893 1036 pene
928 982 1025 1019 tota
1062 984 1204 1020 nocte
1244 974 1291 1020 in
1330 976 1589 1040 sanguineo

162 1049 300 1096 vultu
319 1048 608 1106 elaboravit,
634 1060 681 1096 et
704 1061 812 1114 post
837 1050 944 1115 galli
969 1061 1163 1097 cantum
1193 1052 1419 1116 paulatim
1448 1053 1589 1100 elim-

163 1127 325 1191 pidare
365 1128 534 1192 coepit.
579 1129 674 1174 Leo
717 1146 834 1192 papa
874 1144 997 1175 xxm
1041 1129 1286 1193 episcopos
1328 1129 1585 1178 ordinavit.

163 1206 345 1254 Deinde
364 1217 413 1253 v⁰
435 1224 584 1254 nonas
599 1207 708 1272 julii
729 1206 786 1253 ad
802 1201 994 1254 beatum
1010 1208 1205 1254 Petrum
1230 1208 1500 1272 apostolum
1524 1228 1590 1257 se—

163 1283 326 1348 pultus
362 1294 454 1340 est,
493 1293 540 1331 et
571 1284 764 1331 cessavit
796 1284 1093 1348 episcopatus
1125 1284 1366 1332 mensibus
1400 1302 1450 1334 x1
1483 1285 1589 1334 die-

163 1358 253 1406 bus
278 1377 378 1407 xxn
402 1361 496 1426 (2).

229 1439 510 1486 Benedictus
529 1441 697 1504 junior
719 1440 986 1498 Romanus,
1014 1440 1071 1488 de
1090 1451 1222 1504 patre
1239 1441 1448 1499 Joanne,
1470 1442 1590 1489 sedit

164 1516 409 1563 mensibus
434 1533 465 1563 x
487 1515 651 1564 diebus
674 1534 762 1565 xn.
792 1518 879 1564 Hic
903 1517 962 1564 ab
988 1518 1188 1564 infantia
1214 1518 1437 1565 Ecclesiae
1457 1519 1590 1565 mili-

166 1595 283 1641 tavit
319 1606 366 1642 et
398 1593 538 1642 bonis
573 1595 798 1660 operibus
827 1595 1027 1643 studuit.
1065 1598 1304 1662 Tempore
1339 1598 1591 1645 Justiniani

166 1682 214 1719 et
237 1672 440 1719 Heraclii
462 1672 645 1720 floruit.
676 1674 815 1719 Tune
839 1672 953 1719 luna
975 1674 1105 1720 velut
1127 1673 1214 1720 sub
1240 1672 1367 1721 nube
1387 1676 1592 1722 omnino

166 1747 450 1795 obumbrata
485 1759 555 1796 est
587 1750 713 1796 coelo
743 1766 910 1796 sereno
938 1750 987 1795 in
1015 1748 1340 1812 Theophania.
1378 1750 1593 1798 Februa-

169 1965 233 1988 son
254 1955 386 2000 regne,
408 1961 444 1988 ct
468 1953 520 1988 les
547 1953 586 1988 sit
610 1953 752 1988 mourir
777 1965 848 2000 peu
873 1952 919 1989 dc
946 1959 1064 2000 temps
1090 1960 1196 1988 avant
1222 1952 1268 1988 de
1294 1953 1492 1990 descendre
1518 1956 1592 1991 lui-

168 2014 288 2049 meme
305 2014 394 2049 dans
412 2014 442 2049 la
463 2014 596 2049 tonibe.
619 2014 689 2049 Sui·
704 2014 737 2048 le
756 2013 895 2048 concile
911 2013 956 2048 de
973 2014 1275 2061 Constantinople
1288 2042 1297 2057 ,
1322 2027 1428 2060 voyez
1452 2016 1591 2052 ci-dcs-

168 2085 248 2116 sus,
270 2073 292 2107 l.
317 2085 348 2115 1,
375 2086 410 2120 p.
439 2075 512 2115 ¹4¹2·
540 2073 696 2107 Nlacaire
721 2079 871 2106 mourut
889 2075 908 2106 a
927 2072 1042 2106 Rome
1060 2072 1150 2107 dans
1169 2072 1201 2107 le
1225 2074 1430 2108 monasti-rc
1449 2075 1512 2122 qui
1539 2074 1591 2110 lui

169 2134 225 2169 sut
243 2134 383 2181 assigne
403 2145 495 2180 pour
514 2133 636 2180 prison
659 2145 723 2179 par
741 2133 837 2167 Leon
855 2132 904 2166 ΙΙ.
983 2129 988 2132 ’

216 2195 266 2239 (ι)
293 2194 343 2228 Ce,
362 2206 447 2228 nom
472 2193 555 2227 bien
575 2205 696 2227 connu
714 2206 731 2227 a
752 2194 808 2227 eti:
833 2191 998 2240 defigure
1018 2191 1108 2226 dans
1127 2192 1159 2227 lc
1180 2192 1380 2227 manuscrit
1405 2192 1450 2228 de
1469 2193 1591 2229 Saint-

171 2245 341 2294 Evroult,
362 2254 409 2287 ou
431 2252 454 2287 il
472 2259 525 2287 cst
543 2253 634 2286 ecrit
658 2252 823 2286 'Fr-allus.

218 2313 268 2357 (Ἃ)
294 2316 352 2359 (ι7
369 2311 455 2345 aoi'it
470 2309 584 2345 (jib-5
597 2310 719 2356 juillet
738 2309 836 2355 685.)
850 2309 901 2345 Ce
921 2323 1012 2357 pape
1031 2323 1075 2344 ne
1090 2310 1145 2344 snt
1159 2309 1324 2345 ordonne
1343 2322 1415 2358 que
1429 2310 1460 2345 le
1480 2324 1520 2359 ¹9
1533 2323 1593 2346 oc-

170 2370 288 2406 tobre.
319 2371 366 2404 Le
397 2370 544 2404 sini-mc
573 2369 710 2403 concile
735 2369 989 2416 oecunu'enique
1018 2381 1062 2403 ne
1087 2367 1165 2403 doit
1192 2380 1253 2415 pas
1281 2368 1358 2403 etre
1383 2369 1590 2414 consondu,

173 2444 315 2467 comme
340 2430 365 2465 il
388 2430 432 2464 l'a
449 2431 506 2464 (ite
532 2443 596 2477 pai·
620 2436 726 2464 notre
749 2435 890 2471 auteur,
917 2440 1000 2463 avec
1024 2428 1057 2463 le
1080 2428 1219 2463 concile
1237 2430 1274 2462 in
1299 2429 1428 2463 Trullo
1447 2429 1492 2464 de
1509 2429 1590 2477 691.

175 2492 272 2526 Leon
293 2491 327 2525 II
347 2490 468 2525 donna
492 2503 563 2524 une
581 2490 722 2524 enticre
747 2488 988 2536 approbation
1007 2500 1053 2522 au
1079 2488 1238 2534 premier
1260 2487 1305 2522 de
1332 2501 1388 2523 ces
1417 2489 1592 2533 conciles3

176 2551 264 2585 mais
282 2563 373 2585 nous
395 2551 539 2585 n'avons
559 2562 619 2597 pas
642 2549 897 2584 connaissance
923 2560 994 2595 quc
1021 2560 1060 2582 cc
1080 2548 1150 2582 soit
1175 2547 1225 2582 lui
1250 2549 1313 2596 qui
1333 2561 1376 2582 on
1403 2550 1453 2583 ait
1478 2549 1541 2584 sait
1561 2549 1594 2584 Ιιι

175 2609 382 2646 traduction
408 2624 454 2646 en
479 2611 581 2645 latin.
610 2609 637 2645 ll
666 2623 687 2656 y
715 2616 778 2644 eut
803 2622 849 2643 en
875 2608 958 2643 effct
985 2621 1057 2643 une
1085 2608 1217 2655 eclipse
1246 2608 1353 2644 totale
1376 2608 1421 2643 de
1450 2608 1533 2643 lune
1562 2610 1594 2646 lc

183 2669 224 2705 16
241 2670 328 2704 avril
347 2670 433 2716 683,
456 2674 474 2706 ‘a
498 2684 585 2707 onze
605 2672 735 2706 lieurcs
753 2669 802 2704 du
824 2670 907 2704 soir.
