1738 3043
604 275 759 315 LlBER
789 275 998 314 PRIMUS.
1440 276 1514 315 183

91 356 392 421 temporibus
414 355 581 402 Bruno
611 354 849 402 Tullensis
871 355 1119 419 episcopus
1145 355 1379 420 legatione
1418 355 1515 403 Lo-

91 434 424 501 tharingorum
459 433 662 499 fungens
695 433 898 479 Romam
935 430 1085 491 abiit,
1122 443 1170 481 et
1194 433 1243 480 in
1272 434 1374 491 via,
1400 433 1517 481 dum

90 511 295 578 quadam
316 521 456 559 nocte
474 520 660 567 oraret,
681 509 872 574 angelos
897 518 1140 557 cantantes
1153 509 1334 558 audivit
1352 531 1364 557 :
1382 513 1519 560 Dicit

92 591 360 646 Dominus,
384 606 473 654 ego
496 589 655 654 cogito
676 589 991 653 cogitationes
1004 589 1174 653 pacis,
1197 601 1242 636 et
1258 608 1355 637 non
1372 591 1521 656 affle‘c-

94 669 238 715 tionis
257 669 350 732 (1),
369 679 416 716 et
435 678 622 715 caetera.
644 666 811 715 Bruno
829 678 988 715 autem
1004 666 1060 714 ad
1079 686 1250 733 papam
1267 669 1520 717 Damasum

93 747 399 810 perveniens,
428 745 693 794 honorifice
711 744 770 793 ab
796 763 854 794 eo
880 757 1123 811 susceptus
1157 757 1256 805 est,
1290 757 1338 795 et
1361 748 1411 795 in
1447 766 1522 797 se-

97 833 213 870 natu
237 840 439 871 romano
473 821 721 870 cardinalis
745 824 995 889 episcopus
1020 823 1268 872 ordinatus
1292 835 1378 872 est.
1402 826 1522 873 Erat

96 901 225 948 enim
265 900 464 965 pulcher
498 911 547 948 et
579 919 860 966 generosus,
889 903 1073 967 sapiens
1110 911 1158 950 et
1188 902 1448 961 facundus,
1474 914 1523 951 et

96 979 261 1026 multis
284 990 481 1026 ornatus
506 979 784 1027 virtutibus.
813 979 994 1028 Eodem
1011 998 1140 1029 anno
1157 983 1384 1029 Damasus
1402 1000 1520 1047 papa

94 1057 349 1106 defunctus
369 1068 467 1115 est,
487 1069 535 1106 et
552 1059 719 1106 Bruno
741 1058 790 1106 in
811 1059 1021 1107 Leonem
1043 1076 1214 1124 papam
1230 1059 1407 1107 electus
1425 1070 1495 1107 est
1506 1079 1520 1118 ;

96 1135 180 1200 qui
205 1146 481 1184 sanctorum
501 1136 615 1182 scita
641 1153 881 1184 canonum
910 1137 1082 1202 passim
1105 1136 1356 1184 restituere
1378 1154 1525 1184 cona-

100 1224 175 1260 tus
193 1225 264 1262 est
282 1252 294 1274 ‚
314 1233 420 1280 quse
435 1217 533 1279 jam
555 1216 800 1262 transactis
826 1214 1123 1281 temporibus
1139 1215 1525 1281 supradictorum

100 1311 267 1358 regum
287 1303 334 1340 et
356 1293 642 1358 pontificum
662 1294 804 1340 nimis
829 1293 1129 1352 deciderant,
1149 1304 1197 1342 et
1212 1311 1333 1359 pene
1351 1313 1375 1341 a
1393 1295 1526 1342 noti-

102 1371 162 1416 tia
184 1368 439 1417 hominum
453 1370 769 1419 defluxerant.
792 1373 893 1436 lpse
915 1372 1062 1436 igitur
1078 1389 1208 1419 anno
1228 1372 1421 1419 Domini
1442 1382 1527 1419 ML⁰

101 1449 260 1496 Remis
287 1448 404 1496 utile
425 1449 681 1496 concilium
710 1451 892 1507 tenuit,
921 1460 968 1498 et
999 1449 1058 1498 de
1081 1451 1293 1498 castitate
1316 1451 1527 1515 justitia-

97 1545 193 1593 que
216 1527 555 1575 ministrorum
592 1528 678 1575 Dei
708 1529 928 1575 tractavit
946 1564 960 1585 ,
989 1537 1037 1576 et
1071 1527 1275 1575 salubria
1308 1527 1526 1587 decreta,

101 1623 210 1669 quae
228 1607 326 1669 jam
348 1606 583 1653 antistites
624 1617 671 1653 et
694 1604 961 1670 presbyteri
988 1605 1286 1664 nesciebant,
1321 1623 1527 1654 renova-

104 1684 189 1730 vit.
213 1685 351 1730 Tunc
372 1684 615 1732 ecclesiam
651 1684 800 1731 sancti
834 1684 1037 1750 Remigii
1078 1685 1341 1732 Remorum
1369 1685 1530 1733 archi-

103 1761 312 1826 episcopi
345 1759 439 1808 kal.
468 1760 707 1818 octobris,
735 1762 985 1809 Herimaro
1017 1761 1186 1810 abbate
1208 1773 1527 1827 procurante,

102 1838 366 1897 dedicavit,
396 1850 443 1887 et
467 1857 639 1905 corpus
668 1840 874 1903 ejusdem
894 1840 1109 1904 praesulis
1130 1840 1375 1887 transtulit
1399 1859 1411 1896 ;
1441 1858 1530 1887 cu-

99 1919 177 1981 jus
200 1918 473 1965 solemnitas
504 1918 700 1982 singulis
742 1918 878 1964 annis
919 1918 1079 1981 primo
1117 1916 1193 1965 die
1230 1916 1444 1965 octobris
1479 1918 1528 1964 in

110 1995 306 2041 Francia
332 1994 642 2041 celeberrime
665 1994 720 2041 fit
745 1995 838 2058 (2).

177 2073 403 2138 Sequenti
424 2090 552 2120 anno
575 2072 799 2120 Uticense
822 2071 1103 2120 coenobium
1125 2073 1273 2120 sancti
1294 2071 1481 2121 Ebrulfi
1503 2092 1527 2122 a

110 2252 162 2288 les
179 2252 397 2300 assiegeants
408 2280 417 2295 ‚
436 2251 482 2287 de
497 2259 593 2287 sorte
606 2264 678 2300 que
694 2265 734 2287 ce
748 2253 840 2288 n‘est
855 2253 966 2299 gnere
976 2265 1048 2301 que
1065 2265 1144 2288 vers
1162 2252 1249 2288 ¹050
1263 2253 1352 2302 qu'il
1366 2266 1411 2289 en
1425 2256 1531 2291 sortit

113 2323 208 2357 pour
223 2323 259 2345 sc
279 2311 440 2358 refugiet·
454 2312 584 2358 aupres
602 2310 652 2345 du
671 2318 790 2346 comte
810 2310 988 2358 d’Anjou,
1008 2312 1153 2346 ennemi
1174 2311 1219 2347 de
1232 2312 1459 2349 Guillaume.

160 2371 211 2417 (1)
235 2371 484 2412 Jerem.xx1x‚
508 2383 560 2405 ιι.

160 2431 210 2475 (2)
237 2430 385 2464 Brunon
401 2457 410 2473 ‚
429 2429 482 2464 fils
496 2429 541 2465 de
561 2430 730 2477 Hugues‚
748 2437 868 2466 comte
882 2430 1134 2478 d’Egesheim,
1154 2432 1292 2480 eveque
1309 2432 1355 2468 de
1373 2433 1470 2469 Toul
1488 2446 1534 2470 en

121 2488 225 2532 1026,
245 2488 304 2523 elu
324 2501 414 2535 pape
436 2490 455 2522 a
480 2488 630 2523 XVorms
652 2491 673 2524 a
694 2487 728 2523 la
751 2489 801 2524 fin
820 2488 866 2524 de
888 2490 995 2534 1048,
1015 2490 1070 2525 sut
1087 2491 1265 2526 intronisc
1287 2491 1322 2527 le
1343 2503 1382 2526 12
1403 2492 1535 2528 sevi-ier

123 2549 210 2595 ¹⁰49
222 2575 231 2589 ‚
253 2559 336 2582 sous
355 2546 388 2581 le
407 2558 492 2581 nom
508 2546 553 2581 de
572 2547 667 2582 Leon
685 2547 751 2583 IX.
770 2548 871 2583 Nous
889 2549 1034 2584 n'avons
1048 2561 1188 2584 aucune
1201 2551 1458 2586 connaissance
1472 2551 1535 2586 des

120 2613 286 2653 rapports
303 2618 374 2654 quc
391 2613 496 2641 notre
515 2612 646 2641 auteur
663 2605 715 2641 lui
736 2606 859 2642 donne
873 2620 957 2643 avec
970 2607 1003 2643 le
1021 2621 1112 2655 pape
1125 2609 1278 2645 Damase
1293 2609 1329 2644 11
1342 2637 1351 2653 ‚
1373 2621 1437 2645 sou
1452 2612 1533 2657 pre-

118 2664 322 2708 decesseur,
341 2677 414 2701 non
428 2666 509 2714 plus
521 2679 593 2714 quc
606 2666 652 2701 de
670 2678 706 2701 sa
723 2668 934 2713 promotion
952 2681 998 2703 au
1012 2668 1210 2705 cardinalat
1227 2682 1293 2717 par
1306 2683 1347 2706 ce
1364 2682 1466 2718 pape.
1489 2671 1534 2705 La

119 2723 290 2760 dedicacc
303 2724 348 2760 de
362 2724 497 2771 l'cglisc
514 2725 745 2761 saint-Remi
759 2733 823 2762 cut
836 2726 909 2763 lieu
926 2727 958 2763 lc
976 2734 1020 2762 ιε’
1033 2729 1182 2765 octobre
1201 2732 1307 2777 1049,
1326 2736 1363 2765 et
1382 2729 1534 2764 l’ouvcr·

124 2789 206 2817 ture
223 2782 272 2818 du
289 2784 426 2819 concile·
447 2784 478 2820 le
499 2785 781 2821 surlcndcniain.
