1738 3043
114 203 189 243 44⁴
483 201 725 240 HISTORIA
755 201 1158 242 ECCLESIASTICA.

178 283 334 329 Leone
362 280 606 345 principe,
633 280 1073 347 Constantinopolis
1094 282 1293 331 biennio
1321 284 1381 332 ab
1409 290 1527 352 Aga-

112 362 239 408 renis
257 360 438 406 obsessa
458 369 527 405 est
541 395 554 415 ‚
578 358 658 406 sed
675 370 953 425 protegente
972 363 1072 408 Deo
1091 372 1224 426 capta
1235 378 1338 411 non
1355 372 1440 410 est.
1461 364 1530 411 De

110 438 292 503 populo
315 448 472 483 tamen
491 435 623 483 urbis
646 454 729 484 ccc
745 455 778 484 M
797 437 920 485 fame
935 438 1005 485 vel
1027 448 1154 502 peste
1169 439 1412 503 perierunt
1431 440 1525 505 (1).

179 513 534 579 Lindprandus,
562 532 645 561 rex
671 513 1120 580 Langobardorum,
1150 516 1390 564 Romanos
1413 528 1529 564 tunc

113 593 359 659 gravabat3
386 592 465 640 sed
494 591 688 640 hortatu
719 593 933 656 praesulis
966 610 1017 640 ac
1039 592 1260 658 precibus
1283 605 1330 642 et
1353 594 1533 641 sancti-

117 682 210 718 tate
235 671 494 728 coercituS,
520 681 679 735 postca
702 671 880 735 quievit
900 672 994 735 (2).

180 749 376 795 Basilius
400 747 495 794 (lux
524 759 571 794 et
599 747 767 794 Paulus
797 747 1045 805 exarchus,
1079 749 1252 814 aliique
1276 749 1531 807 maliciosi,

109 827 242 889 jussu
268 825 437 873 Leonis
462 825 688 888 Augusti,
716 823 1001 889 Gregorium
1020 843 1188 889 papam
1207 827 1439 890 perimere
1462 826 1536 873 ni-

118 903 358 950 tebantur.
400 902 490 949 Sed
525 903 728 949 Romani
768 913 910 968 atque
950 903 1248 968 Langobardi
1289 915 1411 951 nutu
1450 904 1535 952 Dei

118 982 231 1028 totis
256 979 436 1027 nisibus
460 979 764 1038 resistebant,
792 992 839 1027 et
866 980 1058 1028 beatum
1091 982 1343 1046 praesulem
1372 992 1537 1047 prote-

118 1059 310 1125 gebant.
350 1058 615 1106 Jordanum
650 1058 993 1105 chartularium
1029 1069 1076 1107 et
1106 1060 1341 1108 Joannem
1369 1060 1539 1108 Bario-

119 1156 230 1184 nem
255 1148 300 1184 et
327 1137 629 1184 Exclaratum
655 1136 847 1194 ducem,
876 1136 1126 1202 filiumque
1154 1140 1252 1202 ejus
1276 1136 1541 1185 Adrianum

121 1215 490 1272 interfecerunt,
533 1227 581 1262 et
621 1213 827 1262 nefarios
869 1224 1065 1261 conatus
1106 1215 1307 1280 Augusti
1349 1215 1539 1280 penitus

120 1293 492 1358 praepedierunt.
533 1295 815 1340 Decreverat
849 1293 976 1339 enim
1013 1302 1068 1338 ut
1104 1293 1152 1339 in
1187 1292 1317 1340 nulla
1350 1292 1541 1341 ecclesia

124 1372 275 1436 imago
296 1370 548 1417 Salvatoris
562 1407 575 1426 ,
596 1370 670 1417 vel
689 1372 785 1435 ejus
802 1380 976 1416 sanctae
997 1370 1263 1434 genitricis,
1289 1380 1371 1416 aut
1389 1373 1542 1434 cujus-

124 1449 242 1497 libet
266 1450 413 1497 sancti
433 1450 685 1515 martyris,
715 1459 796 1495 aut
813 1448 966 1513 angeli
994 1447 1265 1496 haberetur.
1293 1448 1543 1496 Maledicta

128 1696 207 1742 gnit
230 1707 291 1741 pas
308 1697 327 1729 a
351 1694 540 1741 beaucoup
557 1694 640 1740 pri-s
662 1693 695 1727 le
716 1694 828 1740 regne
851 1693 896 1727 de
915 1693 1131 1728 Constantia
1148 1694 1399 1741 Copronyme,
1417 1692 1479 1741 qui
1498 1705 1544 1729 ne

127 1767 336 1802 commenqa
355 1755 462 1802 qu'en
482 1757 561 1802 74¹·
585 1754 650 1788 Les
675 1760 822 1788 travaux
847 1754 1029 1800 entrepris
1053 1765 1118 1800 par
1132 1766 1172 1789 ce
1191 1765 1283 1800 pape
1306 1753 1547 1788 consisterent

127 1816 207 1863 plus
225 1829 271 1851 en
290 1815 549 1851 restam-anons
567 1813 675 1861 qu'en
697 1813 968 1848 constructious
983 1825 1126 1847 neuves.
1148 1814 1196 1848 La
1213 1813 1363 1848 mission
1385 1811 1430 1847 de
1452 1811 1546 1847 saint

129 1877 296 1911 Bonisace
320 1889 365 1911 en
386 1875 598 1921 Alleniagne
616 1880 670 1908 est
691 1872 736 1908 de
752 1873 831 1922 718.
855 1873 970 1908 Notm
993 1879 1124 1907 auteur
1142 1872 1257 1922 parait
1280 1873 1378 1908 avoir
1394 1872 1546 1920 exagere

129 1938 178 1972 les
194 1937 294 1972 effcts
308 1936 353 1970 de
368 1934 607 1970 l‘iuondation
620 1934 669 1969 du
686 1934 798 1968 Tibre
815 1946 861 1969 en
879 1946 958 1982 7¹7·
972 1934 1121 1980 D’apres
1134 1933 1184 1968 les
1201 1940 1321 1968 autres
1333 1933 1542 1976 historiens,

129 1997 220 2032 l'eau
245 2010 290 2031 ne
309 1996 433 2031 §eleva
451 1995 534 2043 qu’a
552 1994 585 2028 la
608 1994 767 2028 hauteur
788 1994 875 2028 d'un
899 1994 1048 2028 homme
1072 1993 1161 2028 dans
1177 1993 1211 2029 le
1225 1993 1389 2041 quartier
1407 1992 1453 2028 de
1475 1993 1548 2028 Via

132 2056 241 2092 Lala.
271 2057 329 2091 Au
355 2055 430 2090 lieu
459 2053 504 2088 de
536 2053 742 2097 Tiberium,
774 2053 856 2088 lisez
892 2053 1150 2088 Theodosium.
1183 2054 1232 2087 La
1258 2053 1408 2088 victoire
1432 2051 1478 2087 de
1507 2063 1548 2087 ce

130 2117 256 2164 prince
281 2128 342 2150 sur
365 2115 538 2150 Anastase
557 2113 765 2160 appartient
789 2125 835 2147 au
859 2113 949 2147 mois
975 2112 1019 2146 de
1039 2111 1172 2147 sevrier
1189 2111 1268 2160 716.
1295 2111 1357 2147 On
1383 2111 1548 2158 pourrait

131 2179 248 2212 croire
263 2190 307 2211 au
326 2177 484 2223 premier
497 2187 591 2221 coup
605 2173 701 2208 d'oeil
721 2173 810 2221 qu'il
830 2173 934 2220 s'agit
949 2173 993 2207 ici
1009 2173 1053 2207 de
1071 2172 1259 2207 l'invasion
1277 2171 1474 2207 d’Anbessa
1486 2182 1549 2209 au-

132 2238 210 2273 dela
229 2238 278 2271 dn
301 2237 450 2279 libone,
471 2235 561 2270 mais
580 2234 604 2268 il
621 2242 674 2269 est
690 2234 833 2277 visible,
853 2246 918 2281 par
933 2233 964 2267 lc
983 2233 1111 2268 cliiffre
1129 2233 1192 2267 des
1216 2239 1347 2275 mons,
1373 2244 1445 2279 que
1462 2230 1550 2266 c’est

132 2297 176 2331 de
196 2296 226 2330 la
247 2296 391 2330 liataille
408 2294 452 2329 do
471 2294 669 2328 Toulouse.
695 2294 803 2327 Trois
817 2295 975 2340 eponges
995 2292 1135 2327 benites
1154 2290 1348 2339 qu'Eudon
1363 2288 1548 2337 prehendit

133 2357 234 2391 avoir
253 2367 378 2403 requos
395 2355 443 2389 du
464 2367 575 2401 pape,
601 2361 637 2388 ct
657 2353 745 2400 qu‘il
771 2352 950 2387 distribua
976 2354 996 2387 ἐι
1022 2365 1076 2388 ses
1096 2351 1229 2387 soldats
1242 2379 1252 2396 ‚
1274 2344 1547 2387 contribuerent

132 2417 320 2461 beaucoup
339 2417 357 2448 a
375 2414 587 2448 enflainmer
603 2413 635 2447 le
653 2412 727 2447 zele
742 2411 804 2446 des
823 2413 1028 2449 Chretiens.

180 2476 229 2520 (ι)
256 2474 378 2519 Yoyez
398 2471 594 2515 ci-‹lessus‚
612 2471 636 2506 l.
661 2484 689 2515 1,
708 2484 743 2518 p.
766 2471 840 2506 152.

181 2536 231 2579 (2)
259 2534 303 2567 La
329 2531 507 2579 conquete
530 2531 574 2565 de
602 2530 632 2565 la
660 2531 807 2578 plupart
828 2530 890 2565 des
914 2531 1032 2578 places
1055 2529 1105 2564 du
1128 2529 1249 2564 duche
1273 2527 1319 2562 de
1343 2526 1459 2561 Rome
1483 2538 1549 2573 par

137 2591 338 2638 Linqui-and
358 2597 412 2625 est
426 2590 470 2624 de
489 2602 575 2637 725„
591 2590 710 2625 c⁷etait
729 2590 909 2637 l'exarquc
924 2589 1125 2636 Eutychius
1141 2586 1205 2634 qui
1219 2585 1338 2621 devait
1355 2585 1548 2632 s’emparer

138 2653 182 2688 de
201 2653 233 2687 la
255 2651 354 2691 ville,
379 2658 413 2686 et
431 2652 493 2697 qui
512 2665 525 2695 ,⁸
551 2658 652 2685 entra
677 2664 720 2685 en
738 2650 841 2692 cffet,
863 2651 952 2684 mais
968 2649 1076 2684 d'une
1092 2647 1251 2682 maniere
1268 2645 1463 2693 pacifique,
1483 2657 1550 2691 pan

140 2715 229 2747 suite
245 2713 289 2747 de
306 2711 574 2746 l'interwntion
599 2711 645 2746 clu
667 2724 756 2757 pape
775 2712 905 2756 auprits
923 2709 966 2744 ‹lc
987 2721 1049 2743 son
1068 2707 1229 2753 puissant
1248 2705 1339 2740 allic.
