1738 3043
162 190 238 226 398
530 185 771 223 HISTORIA
801 184 1201 227 ECCLESIASTICA.

162 268 259 313 ritu
291 267 603 329 Paganorum.
640 264 860 328 Sepultus
883 273 953 312 est
975 276 1132 313 autem
1157 267 1206 313 in
1236 267 1472 316 cimiterio
1496 270 1571 334 (ι)

164 344 331 390 Calixti
358 343 428 388 via
454 342 630 406 Appia,
658 352 726 388 1v⁰
754 341 855 388 idus
877 342 1162 402 decembris,
1188 354 1235 391 et
1257 347 1450 393 cessavit
1474 348 1574 412 epi-

165 431 380 485 scopatus
404 418 569 467 diebus
592 437 668 466 xvl
697 420 785 483 (2).

231 499 452 546 Silvester
477 492 745 554 Romanus,
768 515 825 544 ex
850 508 983 562 patre
1001 499 1175 547 Rufino
1193 510 1240 547 et
1254 510 1404 549 matre
1420 503 1445 548 J
1451 512 1548 549 usta
1561 538 1575 560 ,

170 577 287 624 sedit
313 576 448 623 annis
474 592 595 622 xxm
621 574 863 622 mensibus
887 593 915 622 x
941 575 1107 622 diebus
1131 594 1198 623 xi.
1227 579 1368 625 Hunc
1390 578 1579 626 Cirinus

172 653 420 719 presbyter
445 654 609 701 Romae
633 652 823 709 docuit;
853 656 982 718 cujus
1005 655 1150 701 vitam
1172 656 1380 703 imitatus
1406 668 1453 704 et
1472 674 1582 704 mo-

172 752 243 782 res
259 770 270 789 ,
297 732 353 779 ad
377 750 615 779 summum
639 733 818 796 apicem
845 731 1113 779 christianae
1138 733 1378 799 religionis
1407 734 1579 800 attigit.

173 811 396 858 Silvester
414 828 437 856 a
451 812 703 873 juventute
724 808 1055 873 hospitalitati,
1072 811 1266 876 aliisque
1282 811 1421 860 bonis
1439 812 1586 860 actio-

175 888 315 936 nibus
342 888 417 951 pie
448 887 646 932 studuit.
675 886 986 934 Timotheum
1020 886 1080 932 ab
1108 887 1359 936 Antiochia
1390 889 1583 936 venien-

178 978 273 1014 tem
314 966 520 1030 hospitio
559 966 725 1012 Romae
763 966 991 1029 suscepit,
1035 977 1081 1013 et
1123 965 1365 1013 Christum
1397 967 1587 1032 publice

178 1045 514 1110 praedicantem
529 1044 639 1090 totis
652 1042 832 1090 nisibus
846 1044 1040 1108 adjuvit.
1056 1044 1237 1092 Dehinc
1251 1045 1467 1093 eumdem
1480 1054 1590 1110 post

179 1140 358 1170 anuum
381 1133 428 1169 et
458 1139 638 1169 menses
665 1131 758 1168 tres
787 1139 877 1186 pro
900 1123 1098 1169 veritate
1120 1141 1145 1168 a
1171 1123 1435 1188 Tarquinio
1459 1121 1590 1169 urbis

178 1199 406 1265 praesecto
437 1199 799 1264 martyrizatum
820 1210 968 1246 noctu
994 1201 1178 1264 rapuit,
1205 1210 1252 1247 et
1281 1199 1591 1248 Melchiadem

181 1281 452 1345 episcopum
481 1295 590 1324 cum
618 1279 788 1324 sanctis
818 1276 1107 1343 presbyteris
1135 1288 1182 1325 et
1208 1277 1511 1336 diaconibus,
1538 1287 1593 1325 u't

184 1368 350 1405 testem
374 1356 545 1402 Christi
577 1355 855 1420 sepelirent,
882 1355 939 1402 ad
963 1355 1158 1403 domum
1189 1374 1320 1402 suam
1349 1355 1589 1420 perduxit.
1635 1367 1650 1380 ἦ

184 1434 465 1483 Timotheus
492 1435 647 1499 itaque
672 1434 720 1480 in
745 1432 886 1480 horto
912 1433 1122 1480 Theonae
1142 1433 1411 1481 christianae
1434 1432 1594 1481 mulie·

188 1513 270 1569 ris,
278 1515 410 1575 juxta
423 1511 551 1558 Pauli
564 1510 763 1574 apostoli
777 1511 1083 1574 sepulturam,
1098 1509 1429 1557 venerabiliter
1440 1520 1595 1556 tumu-

186 1590 306 1637 latus
330 1601 421 1646 est;
443 1599 488 1635 et
505 1588 726 1634 Silvester
741 1605 763 1633 a
784 1589 1028 1652 Perpenna
1047 1588 1312 1652 Tarquinio
1331 1597 1488 1634 tentus
1505 1596 1592 1644 est,

189 1679 235 1716 et
257 1669 302 1715 in
323 1685 556 1714 carcerem
576 1676 628 1712 ut
649 1667 696 1712 in
718 1666 974 1712 crastinum
992 1682 1080 1729 pro
1098 1664 1394 1712 confessione
1411 1665 1596 1712 deitatis

191 1755 498 1810 torqueretur
519 1745 687 1791 missus
714 1754 798 1790 est.
829 1744 1012 1790 Interea
1039 1742 1290 1807 praefectus
1312 1742 1426 1790 dum
1449 1760 1598 1808 pran—

189 1824 348 1880 deret,
376 1841 477 1871 osse
508 1823 648 1887 piscis
680 1823 726 1868 in
762 1832 956 1887 gutture
979 1831 1163 1868 versato
1196 1820 1404 1878 interiit,
1432 1831 1479 1868 et
1502 1819 1600 1866 Sil-

190 1912 360 1959 vester‚
396 1900 511 1947 dum
542 1910 816 1965 perseeutor
847 1901 942 1963 ejus
974 1898 1030 1945 ad
1063 1898 1301 1945 tumulum
1335 1915 1443 1944 cum
1467 1897 1601 1944 luctu

192 1979 462 2035 duceretur,
488 1977 544 2024 de
568 1994 753 2023 carcere
772 1994 880 2023 eum
898 1975 1069 2040 gaudio
1092 1975 1253 2022 exivit.
1281 1974 1372 2035 Qui
1392 1991 1500 2020 cum
1520 1974 1600 2020 tri-

193 2057 406 2104 cenarius
425 2065 568 2113 esset,
592 2054 818 2102 diaconus
835 2053 984 2100 factus
1003 2063 1094 2111 est,
1116 2062 1164 2100 et
1181 2051 1322 2116 paulo
1343 2060 1451 2116 post
1468 2050 1599 2098 omni

239 2252 289 2295 (ι)
315 2251 412 2284 Lisez
435 2265 441 2283 ς
465 2250 678 2283 coemeterio.

240 2311 290 2354 (2)
317 2311 351 2351 (2
365 2307 485 2353 juillet
501 2306 633 2341 311-10
648 2319 695 2340 ou
715 2319 749 2340 ιι
767 2306 908 2352 janvier
925 2304 1022 2351 314.)
1041 2305 1142 2340 Nous
1156 2304 1290 2340 devons
1306 2316 1436 2340 encore
1455 2312 1600 2350 repons-

195 2380 250 2402 ser
269 2367 302 2401 la
321 2367 557 2400 constitution
583 2365 808 2412 apostolique
828 2364 1007 2399 attribuee
1024 2367 1042 2399 a
1063 2376 1103 2399 ce
1123 2377 1235 2412 pape,
1255 2375 1396 2399 comme
1412 2368 1532 2397 tontes
1550 2360 1601 2395 les

196 2433 316 2461 autres
337 2438 407 2473 que
427 2432 596 2471 rapporte
617 2431 721 2459 notre
739 2431 880 2459 auteur.
900 2425 946 2459 Le
964 2425 1149 2459 cimetiere
1168 2423 1212 2459 de
1233 2423 1326 2458 saint
1341 2421 1491 2465 caliste,
1508 2420 1557 2455 οὺ
1575 2419 1602 2454 il

198 2488 254 2522 sut
276 2487 420 2521 enterre
434 2513 442 2527 ‚
464 2486 547 2518 etait
569 2497 612 2518 vn
634 2484 715 2519 ess'et
740 2485 833 2519 situe
852 2495 914 2518 sur
930 2484 963 2518 la
980 2485 1059 2518 voie
1083 2484 1293 2531 Appienne,
1310 2488 1347 2518 et
1364 2479 1479 2528 parait
1502 2479 1601 2514 avoir

197 2547 255 2580 ete
270 2544 395 2592 appele
409 2544 696 2590 primitivenient
710 2543 742 2577 le
756 2544 942 2578 cimetiifre
955 2542 1001 2577 de
1019 2542 1316 2583 Salute-Lucine,
1333 2550 1397 2575 son
1415 2538 1600 2574 etabtisse-

200 2612 301 2640 ment
325 2611 529 2639 remontant
546 2607 563 2637 a
582 2603 678 2638 l'une
698 2604 761 2639 des
776 2605 907 2638 saintes
923 2603 1073 2638 semmes
1090 2603 1154 2650 qui
1173 2609 1236 2637 ont
1257 2601 1362 2648 porte
1378 2611 1418 2636 ce
1435 2611 1520 2634 nom
1533 2626 1542 2643 ‚
1564 2604 1601 2633 et

202 2666 294 2700 saint
311 2664 444 2700 Catiste
460 2663 540 2698 n'en
556 2670 661 2708 ayant
673 2665 730 2698 ete
747 2675 818 2710 que
837 2663 869 2698 le
886 2669 1138 2698 restaurateur.
1247 2659 1249 2661 ’
