1738 3043
267 256 344 293 ‘284
630 251 870 290 HISTORIA
903 251 1305 291 ECCLESIASTICA.

331 334 467 377 Tune
490 330 757 394 indignatus
777 331 921 394 Egens
941 332 1066 377 eruci
1089 349 1198 379 eum
1216 332 1333 396 affigi
1354 336 1581 399 praecepit
1596 371 1607 391 ,
1631 346 1677 383 et

265 409 612 476 quaestionariis
635 408 874 456 mandavit
900 420 952 455 ut
977 410 1126 473 ligatis
1150 408 1347 473 pedibus
1367 420 1414 457 et
1431 411 1674 469 manibus,

264 488 391 552 quasi
423 487 469 532 in
495 485 656 533 eculeo
688 486 984 542 tenderetur3
1014 505 1072 533 ne
1097 486 1237 533 clavis
1263 488 1422 534 affixus
1455 489 1551 536 cito
1574 507 1680 535 mo-

267 575 469 621 reretur,
496 563 575 609 sed
600 563 745 628 longo
766 564 924 626 potius
943 565 1154 609 cruciatu
1175 575 1442 629 angeretur.
1465 565 1680 631 Cumque

267 652 455 688 sanctus
490 641 564 687 vir
596 641 849 688 duceretur
882 660 905 687 a
943 641 1272 699 carnificibus,
1310 641 1364 688 fit
1389 643 1682 707 populorum

268 737 525 768 concursus
564 719 869 765 clamantium
901 729 948 766 et
983 719 1242 766 dicentium
1287 740 1295 764 :
1337 720 1503 766 Justus
1543 720 1682 767 homo

269 810 311 845 et
351 798 538 843 amicus
577 798 673 842 Dei
705 797 826 860 quid
841 794 993 859 fecit,
1030 808 1079 842 ιιι
1113 796 1323 842 ducatur·
1354 796 1425 842 ad
1456 795 1684 844 crucem?

268 873 482 921 Andreas
521 890 635 920 vero
666 890 855 919 securus
890 882 937 919 et
968 872 1172 937 gaudens
1205 872 1330 930 ibat,
1359 872 1685 939 populumque

269 970 328 999 ne
353 952 617 1017 passionem
642 953 738 1014 ejus
765 949 1076 1014 impedirent,
1105 950 1331 1016 rogabat,
1368 961 1415 998 et
1445 970 1467 998 a
1494 952 1683 998 salutari

268 1031 483 1077 doctrina
517 1046 616 1076 non
648 1027 869 1075 cessabat.
899 1028 1019 1074 Cum
1052 1038 1210 1076 autem
1243 1029 1300 1074 ad
1333 1030 1496 1094 agonis
1527 1029 1686 1076 locum

268 1108 558 1172 pervenisset
599 1117 646 1153 et
679 1123 866 1153 crucem
905 1124 927 1152 a
966 1105 1111 1170 longe
1148 1105 1363 1162 vidisset,
1411 1106 1688 1152 exclamavit

271 1204 385 1233 voce
418 1203 611 1250 magna,
645 1184 804 1231 dicens
845 1203 854 1228 :
893 1184 1037 1231 Salve
1051 1222 1067 1243 ,
1099 1202 1245 1243 crux,
1276 1201 1386 1249 quoe
1411 1185 1461 1231 in
1495 1201 1689 1250 corpore

274 1264 454 1311 Christi
492 1263 723 1309 dedicata
759 1280 839 1319 es,
883 1274 926 1308 et
959 1281 1021 1309 ex
1056 1262 1277 1309 membris
1314 1263 1419 1328 ejus
1457 1274 1689 1328 tanquam

272 1343 550 1406 nuzrgaritis
587 1343 787 1388 ornata!
826 1340 867 1387 Ο
903 1341 1028 1387 bona
1065 1343 1213 1387 crux!
1247 1358 1356 1405 quoe
1395 1340 1616 1388 decorem
1647 1352 1690 1387 et

263 1418 674 1486 pulchritudinem
707 1418 768 1465 cle
799 1418 1020 1464 membris
1056 1419 1254 1464 Domini
1285 1419 1567 1484 suscepisti;
1603 1417 1690 1464 diu

273 1498 551 1544 desiderata
563 1535 579 1555 ,
606 1496 810 1543 sollicite
832 1506 1001 1542 αηιαία
1011 1534 1027 1554 ,
1055 1496 1158 1542 sine
1182 1496 1531 1542 intermissione
1554 1513 1691 1560 quoe-

273 1577 366 1621 sita
382 1613 397 1631 ,
424 1587 467 1620 et
491 1574 758 1639 aliquando
777 1577 883 1639 jam
917 1574 1277 1638 concupiscenti
1298 1574 1462 1619 animo
1482 1590 1690 1638 praepa-

276 1656 417 1699 rata!
448 1655 558 1699 llaec
593 1662 639 1699 et
665 1652 748 1698 alia
785 1651 932 1697 multa
968 1651 1141 1698 amoris
1175 1661 1221 1697 et
1255 1650 1522 1698 devotionis
1552 1651 1690 1714 plena

276 1729 459 1787 dicens,
490 1748 535 1777 se
566 1730 845 1794 expoliavit,
880 1739 925 1775 et
961 1729 1236 1775 testimenta
1275 1745 1353 1774 sua
1389 1726 1691 1774 carnificibus

278 1808 487 1855 tradidit.
508 1808 598 1867 Qui
616 1807 910 1863 aecedentes,
924 1825 1030 1853 eum
1050 1808 1096 1852 in
1114 1825 1300 1853 crucem
1317 1807 1610 1864 levaverunt,
1627 1816 1692 1854 to-

280 1897 475 1950 tumque
496 1903 667 1949 corpus
683 1887 779 1948 ejus
797 1884 992 1930 funibus
1009 1883 1314 1931 extendentes
1330 1882 1690 1948 suspenderunt.

277 1965 640 2029 Sicquejussum
667 1963 796 2027 impii
823 1962 1120 2027 proconsulis
1146 1961 1321 2009 crudeli
1348 1963 1533 2010 actione
1562 1978 1692 2009 com-

276 2042 544 2106 pleverunt.
583 2044 735 2090 Porro
772 2041 908 2086 turba
943 2041 1041 2087 fere
1074 2040 1130 2086 ad
1165 2057 1228 2086 xx
1264 2040 1410 2087 millia
1444 2039 1692 2087 hominum

279 2119 481 2176 astabat,
505 2131 552 2167 et
573 2119 944 2183 injustojudicio
963 2129 1178 2164 sanctum
1200 2119 1354 2164 virum
1379 2117 1466 2164 hoe
1485 2118 1581 2181 pati
1607 2116 1694 2163 cla-

280 2196 463 2254 mabat3
492 2198 616 2244 inter
639 2215 758 2262 quos
785 2196 1038 2243 Stratocles
1069 2196 1208 2260 Egeae
1234 2195 1380 2242 frater
1406 2205 1523 2242 erat.
1552 2195 1694 2241 Sanc-

282 2285 355 2320 tus
387 2292 498 2322 vero
536 2274 747 2321 Andreas
771 2284 952 2320 mentes
979 2272 1188 2320 fidelium
1218 2270 1546 2330 confortabat,
1574 2283 1621 2319 et
1644 2272 1692 2317 in

283 2351 581 2398 tolerantiam
608 2351 916 2414 temporalem
940 2348 1298 2406 commonebat,
1321 2350 1431 2414 quia
1455 2347 1576 2395 nihil
1600 2365 1692 2395 esse

281 2427 477 2491 dignum
511 2427 738 2490 passionis
773 2425 829 2472 ad
867 2426 1301 2473 remunerationem
1337 2435 1565 2473 aeternam
1602 2422 1693 2470 do-

283 2503 433 2551 cebat.

350 2584 531 2629 Interea
552 2599 716 2629 omnes
741 2581 797 2629 ad
819 2583 1016 2629 domum
1040 2583 1180 2647 Egeae
1199 2580 1403 2638 vadunt,
1424 2580 1691 2644 pariterque

286 2661 538 2706 clamantes
563 2659 728 2705 dicunt
759 2681 768 2705 :
806 2661 930 2723 (hice
957 2671 1024 2707 est
1048 2659 1154 2706 hoec
1174 2660 1407 2705 sententia
1440 2669 1548 2716 tua,
1572 2672 1691 2724 pro-

286 2738 454 2785 consul
463 2737 488 2782 ?
513 2737 637 2784 male
651 2738 910 2799 judicasti.
941 2737 1158 2787 Concede
1178 2735 1314 2783 nobis
1335 2735 1572 2783 hominem
1584 2735 1691 2799 jas-
