1738 3043
581 207 738 247 LIBER
769 206 1051 246 SECUNDUS.
1453 206 1531 243 372)

106 298 400 353 praeceptum
432 289 530 350 ejus
566 284 865 332 immunditia
899 283 1071 330 carnali
1108 281 1529 331 commaculassent

107 385 154 414 se
188 377 285 414 tota
312 375 468 412 nocte.
501 364 630 411 Duce
654 379 765 409 cum
791 362 974 426 populo
998 372 1195 426 rogante
1217 378 1306 425 pro
1329 361 1527 417 vexatis,

107 454 294 491 sanctus
320 441 495 508 praesul
528 440 822 488 daemonium
849 439 1032 504 expulit
1061 440 1108 486 in
1139 439 1332 486 nomine
1367 438 1531 486 Salva-

108 521 254 578 toris,
284 519 596 585 hominesque
620 516 832 564 restituit
856 517 1007 581 vigori
1033 517 1248 581 pristinae
1275 515 1528 581 sospitatis.

110 598 299 645 Basilica
324 597 558 663 siquidem
583 595 732 642 saneti
758 595 885 642 Petri
911 604 980 641 vi⁴¹
1007 612 1154 642 nonas
1180 596 1287 640 maii
1317 606 1531 659 tempore

108 677 313 725 Neronis
349 675 648 741 imperatoris
681 684 953 722 consecrata
991 683 1084 729 est,
1123 683 1168 720 ct
1194 683 1320 720 tanta
1348 673 1533 720 claritas

110 756 159 803 in
179 755 254 803 die
272 753 644 803 consecrationis
668 755 766 817 ejus
794 751 972 800 ibidem
996 751 1192 800 emicuit
1208 790 1219 812 ‚
1244 761 1298 798 ut
1322 751 1441 799 alter
1464 751 1534 798 al-

111 843 267 881 terum
293 831 381 879 sibi
408 833 686 897 proximum
710 832 788 878 vix
815 831 973 878 ridere
999 831 1241 896 quivisset.

175 912 258 958 His
280 912 370 959 rite
388 911 615 976 peractis,
639 910 803 958 beatus
826 909 1057 956 Martialis
1082 908 1390 956 Aurelianum
1411 907 1536 955 ordi-

112 990 268 1047 navit,
308 999 355 1036 et
382 1000 490 1053 post
523 1007 662 1035 suum
695 988 948 1035 discessum
983 985 1090 1033 urbi
1126 986 1533 1034 Lemovicensium

111 1066 344 1132 praefecit.
373 1066 611 1114 Andream
644 1085 758 1115 vero
790 1064 1129 1132 presbyterum
1156 1064 1363 1112 ecclesiae
1387 1063 1534 1110 sancti

113 1147 242 1193 Petri
269 1145 471 1210 apostoli
507 1145 749 1210 praefecit,
778 1144 939 1210 ibique
970 1161 1078 1190 cum
1113 1161 1169 1191 eo
1204 1140 1537 1189 Hildebertum

114 1223 338 1271 Archadii
376 1224 564 1271 comitis
594 1224 746 1271 filium
781 1234 827 1271 et
859 1223 974 1270 alios
1006 1239 1158 1269 xxxvl
1197 1221 1393 1268 clericos
1425 1238 1539 1267 con-

115 1302 299 1359 stituit,
332 1303 495 1367 eisque
520 1302 784 1366 Stephanus
807 1301 903 1348 dux
929 1319 986 1349 cx
1007 1318 1092 1348 suo
1116 1299 1327 1347 redditus
1351 1299 1407 1345 ad
1435 1298 1537 1344 ric-

118 1389 220 1425 tum
252 1390 299 1427 et
335 1380 556 1427 vestitum
592 1379 799 1427 ubertim
833 1379 1046 1426 donavit.
1080 1377 1230 1424 Multa
1262 1375 1455 1442 quidem
1482 1375 1539 1423 de

116 1455 342 1521 operibus
368 1456 489 1504 beati
522 1457 749 1504 Martialis
781 1457 953 1521 scripta
981 1465 1120 1512 sunt,
1144 1454 1223 1502 sed
1251 1466 1406 1501 tamen
1433 1471 1540 1500 om-

118 1534 195 1582 nia
226 1534 503 1599 singillatim
535 1533 741 1599 proferri
775 1542 1039 1599 nequeunt.
1077 1533 1196 1578 Erat
1229 1533 1358 1579 enim
1382 1530 1542 1577 divina

118 1611 388 1659 eruditione
414 1612 647 1676 repletus,
683 1611 915 1677 religione
942 1611 1168 1675 insignis,
1199 1626 1392 1656 morum
1423 1625 1543 1673 pro-

119 1688 266 1737 bitate
299 1689 511 1754 pollens,
538 1690 880 1737 miraculorum
906 1689 1201 1736 exhibitione
1229 1685 1539 1734 admirabilis.

120 1768 238 1814 Erat
273 1778 581 1831 contemptor
604 1767 789 1824 saeculi,
817 1777 1000 1814 amator
1034 1766 1117 1812 Dei
1154 1776 1201 1812 et
1232 1764 1464 1829 proximi,
1498 1775 1544 1811 ct

123 1846 196 1892 cui
229 1846 387 1892 rivere
419 1844 635 1891 Christus
666 1855 766 1892 erat
798 1855 844 1892 et
872 1844 995 1891 mori
1025 1843 1230 1889 lucrum.
1268 1840 1538 1898 Reddebat,

125 1934 175 1969 ut
200 1940 322 1988 saepe
349 1925 447 1987 jam
478 1921 709 1978 diximus,
740 1923 874 1969 caecis
905 1923 1081 1977 visum,
1113 1921 1265 1968 surdis
1298 1920 1539 1975 auditum,

125 2002 299 2049 claudis
323 2019 533 2066 gressum
551 2036 564 2059 ,
586 2001 730 2047 mutis
752 2000 988 2066 loquelam
1005 2036 1017 2056 ‚
1040 2017 1092 2046 ac
1114 2009 1330 2045 mortuos
1356 2015 1545 2045 revoca-

126 2079 207 2126 bat
225 2079 280 2125 ad
304 2079 467 2125 vitam.
492 2079 614 2125 Sunt
642 2089 687 2124 ct
712 2079 797 2124 alia
822 2078 968 2125 multa
985 2114 998 2136 ,
1022 2089 1072 2124 ut
1099 2078 1375 2125 Aurelianus
1399 2075 1541 2131 dicit,

128 2157 584 2204 commemoratione
627 2156 794 2221 digna,
835 2174 942 2223 quae
987 2174 1071 2220 per
1106 2175 1214 2203 cum
1248 2165 1438 2220 operata
1477 2163 1546 2200 cst

128 2235 304 2283 Christi
331 2235 504 2299 gratim
530 2252 637 2299 quae
663 2236 698 2281 si
722 2235 891 2283 litteris
916 2234 1259 2291 scriberentur,
1284 2253 1306 2280 a
1325 2251 1423 2280 non
1442 2250 1545 2279 crc—

128 2314 351 2362 dentibus
375 2311 644 2377 apocrypha
669 2312 959 2360 dicerentur.

195 2391 339 2439 Anno
363 2391 617 2438 domiuicae
643 2391 1001 2439 resurrectionis
1028 2397 1130 2448 xL⁰‚
1166 2389 1357 2456 quando
1383 2388 1546 2435 beatus

130 2473 349 2539 pontifex
379 2473 608 2519 Martialis
637 2483 795 2519 oraret
825 2472 995 2528 solito,
1024 2489 1129 2519 ecce
1159 2472 1392 2519 Dominus
1415 2471 1546 2515 Jcsus

131 2550 347 2598 Christus
361 2569 469 2598 cum
487 2550 729 2615 discipulis
747 2550 840 2596 suis
858 2550 902 2596 in
921 2549 1171 2614 splendore
1186 2551 1225 2598 ei
1241 2548 1482 2613 apparuit,
1500 2557 1546 2593 ct

133 2628 443 2678 amicabiliter
463 2648 570 2677 eum
594 2629 797 2675 salutans
817 2628 1023 2685 vocavit,
1046 2627 1181 2694 cique
1201 2624 1547 2693 quintumdeci-

138 2724 268 2754 mum
293 2707 419 2756 diem
444 2707 738 2773 migrationis
763 2709 858 2771 ejus
885 2706 941 2753 dc
968 2706 1148 2755 mundo
1173 2706 1432 2755 terminum
1454 2720 1548 2750 esse
