1738 3043
586 184 739 223 LIBER
768 183 1046 223 SECUNDUS.
1448 186 1526 226 425

107 277 155 315 et
184 267 355 331 injuste
378 274 543 312 contra
575 265 709 312 illum
737 274 1119 312 commoverunt.
1146 264 1312 313 Narses
1336 275 1494 313 autem
1511 305 1523 327 ,

106 343 189 390 ubi
214 362 260 391 se
285 343 344 390 ab
373 342 587 407 Augusto
615 342 814 406 pristina
845 342 1074 407 dignitate
1096 342 1326 389 nudatum
1352 343 1523 400 sensit,

107 421 327 469 Guinilos
356 419 717 487 Langobardos,
753 421 833 485 qui
869 421 1163 467 Pannoniam
1193 420 1439 477 colebant,
1473 431 1528 467 ut

107 501 287 548 Italiam
313 500 590 548 invaderent
612 499 841 545 accersiit.
872 498 1010 558 Quod
1033 511 1079 546 ct
1102 498 1279 546 sactum
1305 510 1390 546 est.
1414 499 1526 546 Non

106 578 262 626 multo
287 588 395 643 post
421 577 587 624 Narscs
615 586 834 624 mortuus
860 587 952 633 est,
979 587 1026 623 et
1048 577 1094 623 in
1118 577 1276 624 loculo
1300 576 1528 642 plumbeo

108 674 218 703 cum
249 655 473 704 omnibus
502 654 680 701 divitiis
716 653 809 700 suis
842 654 1313 719 Constantinopolim
1346 655 1527 702 delatus

107 744 194 781 est.
221 735 425 781 Joannes
445 750 561 797 papa
582 732 826 797 episcopos
851 749 930 779 Lxl
950 735 1268 790 consecravit,
1292 743 1339 780 et
1365 734 1413 779 in
1440 732 1528 780 ba-

107 813 235 860 silica
255 812 402 859 sancti
422 811 545 858 Petri
567 811 768 876 apostoli
797 821 868 857 ιιιο
892 811 993 858 idus
1007 812 1113 876 julii
1140 812 1350 877 sepultus
1369 823 1461 870 est,
1484 822 1532 860 et

108 891 302 939 cessavit
325 890 620 955 episcopatus
645 888 887 937 mensibus
906 907 936 936 x
960 889 1124 938 diebus
1147 908 1202 937 111
1222 891 1314 955 (1).

171 967 452 1016 Benedictus
474 968 743 1027 RomanuS,
766 985 823 1015 ex
845 978 979 1032 patre
1003 968 1283 1026 Bonefacio,
1306 968 1426 1015 sedit
1449 986 1531 1015 an-

107 1047 182 1094 nis
201 1063 251 1094 1v
269 1063 431 1093 mense
454 1063 554 1093 uno
577 1044 742 1092 diebus
766 1062 939 1092 xxvm.
962 1045 1106 1093 Anno
1124 1045 1182 1092 ab
1201 1046 1531 1093 incarnatione

107 1124 302 1172 Domini
335 1132 539 1170 Dvau1⁰
572 1121 751 1171 Alboin
785 1141 866 1170 rex
902 1123 1237 1189 Langobardos
1270 1124 1317 1170 in
1350 1123 1533 1169 Italiam

108 1201 320 1249 adduxit.
350 1203 490 1248 Tunc
512 1202 656 1248 etiam
686 1201 830 1249 fames
861 1203 1001 1249 Italos
1037 1203 1208 1249 invasit
1248 1213 1294 1249 et
1326 1202 1533 1248 Guinilis

108 1298 156 1328 se
179 1279 363 1328 tradere
388 1280 560 1345 coegit.
583 1280 877 1326 Justinianus
900 1298 1014 1327 vero
1042 1280 1301 1344 imperator
1326 1279 1417 1328 hoc
1446 1298 1534 1326 au·-

108 1357 243 1404 diens
268 1357 316 1404 in
340 1358 604 1422 AEgyptum
624 1358 780 1413 misit,
811 1367 857 1404 et
886 1368 1101 1404 oneratas
1122 1357 1368 1407 frumento
1393 1375 1533 1405 naves

109 1435 312 1483 Romam
336 1436 624 1492 transmisit,
657 1445 704 1483 et
729 1435 1112 1500 periclitantibus
1143 1436 1266 1483 fame
1290 1435 1530 1483 subvenit.

110 1513 153 1559 Is
192 1529 282 1578 pro
318 1513 531 1562 victoriis
573 1513 876 1560 adversarum
918 1512 1250 1579 frequentibus
1290 1513 1532 1578 gentium,

109 1589 447 1638 Alamannicus
465 1627 478 1646 ‚
516 1590 775 1649 Gothicus,
821 1590 1074 1649 Alanicus,
1121 1590 1441 1638 Guandalicus
1488 1599 1536 1637 et

109 1667 363 1715 Africanus
382 1678 451 1715 est
468 1669 819 1733 agnominatus.
847 1669 934 1715 Hic
960 1670 1084 1715 intra
1105 1668 1275 1716 urbem
1294 1672 1537 1716 Constan-

112 1746 370 1810 tinopolim
403 1746 591 1794 Christo
621 1747 832 1794 Domino
865 1747 1097 1810 templum
1132 1747 1368 1803 extruxit,
1404 1745 1536 1810 quod

111 1840 269 1888 graeco
310 1821 545 1869 vocabulo
586 1823 753 1887 Agiam
794 1822 1018 1887 Sophiam
1060 1823 1347 1870 nominavit.
1392 1823 1536 1890 Cujus

113 1918 232 1966 opus
248 1899 363 1949 adeo
382 1912 549 1947 cuncta
569 1900 764 1953 aedificia
785 1900 996 1958 excellit,
1025 1910 1078 1946 ut
1097 1901 1143 1947 in
1166 1901 1277 1948 totis
1299 1911 1538 1947 terrarum

114 1977 274 2042 spatiis
299 1976 408 2023 huic
426 1976 577 2023 simile
599 1977 802 2024 inveniri
822 1995 920 2024 non
939 1978 1104 2042 possit.
1128 1978 1243 2023 Erat
1266 1978 1393 2024 enim
1415 1976 1539 2023 idem

113 2057 334 2121 princeps
360 2055 450 2102 fide
478 2054 735 2102 catholicus
767 2066 813 2102 ct
845 2056 891 2101 in
920 2055 1143 2120 operibus
1171 2067 1353 2111 rectus,
1386 2055 1432 2101 in
1454 2057 1539 2119 ju-

113 2134 248 2209 diciis
278 2136 458 2198 justus;
499 2133 697 2199 ideoque
732 2151 957 2198 prospera
994 2133 1060 2180 illi
1099 2131 1452 2181 concurrebant
1487 2133 1535 2178 in

115 2211 357 2284 omnibus.
386 2213 534 2276 Hujus
558 2222 772 2277 tempore
800 2211 1102 2260 Cassiodorus
1129 2212 1348 2271 Senator,
1377 2220 1539 2275 postea

161 2404 212 2450 (ι)
238 2402 297 2446 (18
318 2401 441 2448 juillet
466 2399 601 2436 560-13
621 2401 743 2448 juillet
767 2400 865 2451 573.)
889 2401 1060 2445 Sindbal‚
1088 2401 1176 2436 chef
1195 2400 1259 2435 des
1278 2399 1453 2442 Herules,
1482 2398 1540 2432 sut

116 2462 241 2511 pendu
266 2475 332 2510 par
347 2461 455 2497 ordre
473 2461 518 2496 dc
539 2462 684 2505 Narshs,
707 2469 812 2497 avant
831 2462 966 2497 d’avoir
986 2475 1034 2510 pu
1060 2474 1206 2497 exer-cer
1226 2461 1272 2495 de
1294 2459 1447 2508 grandes
1472 2458 1537 2493 de-

116 2523 323 2558 vastations.
345 2523 400 2557 Au
427 2521 500 2557 lieu
526 2521 767 2569 d'Amingus,
790 2522 872 2557 lisez
898 2521 1111 2556 Lotharius.
1131 2522 1202 2556 Sur
1225 2521 1274 2555 les
1301 2519 1538 2567 imputations

119 2581 378 2617 calomnieuses
402 2580 465 2616 des
489 2581 665 2616 Romains
690 2588 816 2616 contre
840 2582 987 2624 Nax-sis,
1016 2593 1108 2616 nous
1134 2592 1243 2615 avons
1268 2579 1347 2624 ‹lejin
1375 2576 1539 2623 exprime

120 2647 225 2676 notre
243 2641 393 2687 opinion
411 2639 605 2679 cbdessus,
627 2640 650 2674 l.
669 2652 696 2684 ι,
719 2654 754 2688 p.
777 2638 851 2676 135.
870 2640 993 2686 Voyez
1007 2640 1121 2685 aussi,
1143 2639 1260 2675 meme
1279 2644 1380 2678 note,
1399 2635 1538 2669 l'inter-

122 2699 303 2744 pretation
325 2698 374 2733 du
395 2706 466 2733 mot
493 2700 644 2733 Gm'm'li.
