1738 3043
190 269 240 305 ⁸6
557 263 797 301 HISTORIA
828 262 1231 301 ECCLESIASTICA.

188 347 304 409 quia
337 352 517 408 oportet
551 342 735 388 Filium
772 342 976 390 hominis
1008 342 1139 388 tradi
1166 343 1214 387 in
1244 357 1415 388 manus
1447 340 1604 388 homi-

188 441 298 469 num
316 430 655 487 peccatorum,
684 431 727 466 et
750 420 996 484 crucifigi,
1022 431 1065 465 e!
1082 419 1161 465 die
1181 419 1318 464 tertia
1337 436 1599 483 resurgere.

189 503 251 547 Et
275 499 533 547 recordatae
558 510 669 545 sunt
694 497 951 546 verborum
978 501 1074 562 ejus
1095 499 1184 562 (1).

252 579 365 625 Post
397 576 498 624 haec
532 577 678 623 Maria
715 594 938 625 conversa
974 587 1044 623 est
1076 587 1368 633 retrorsum,
1407 585 1454 622 et
1485 574 1605 622 vidit

185 658 345 703 Jesum
393 665 594 702 stantem
628 656 750 702 sicut
785 656 904 702 dixit
941 656 1174 711 Joannes,
1214 665 1262 701 et
1295 671 1393 702 non
1430 652 1605 702 sciebat

187 734 297 799 quia
324 734 456 780 Jesus
481 743 564 781 est.
596 733 722 780 Dicit
748 735 787 781 ei
809 734 940 781 Jesus
978 753 987 779 :
1022 733 1220 789 illuster,
1253 733 1375 798 quid
1394 730 1606 798 ploras?

187 829 324 875 quem
356 811 576 876 qua’ris?
600 811 681 857 Illa
714 813 984 859 existimans
1008 812 1116 877 qnia
1144 810 1423 858 hortolanus
1455 820 1602 867 esset,

186 889 306 936 dixit
329 889 370 935 ei
407 909 417 934 ε
444 890 674 947 Domine,
712 891 757 936 si
787 900 836 935 tu
866 890 1103 937 sustulisti
1132 907 1266 948 eum,
1301 889 1453 936 dicito
1487 888 1609 934 mihi

188 967 271 1013 ubi
293 968 504 1032 posuisti
528 984 665 1023 eum,
688 978 731 1013 et
757 984 846 1031 ego
875 984 978 1013 eum
1006 967 1189 1014 tollam.
1216 966 1350 1013 Dixit
1374 966 1413 1013 ei
1439 965 1602 1013 Jesus:

187 1046 371 1091 Maria.
407 1045 643 1092 Conversa
677 1045 753 1091 illa
780 1044 902 1091 dixit
933 1064 944 1091 τ
978 1044 1234 1101 Rabboni,
1267 1042 1398 1109 quod
1429 1043 1608 1089 dicitur

187 1123 431 1187 magister.
473 1122 602 1168 Dicit
625 1123 666 1169 ei
700 1123 830 1170 Jesus
854 1142 865 1169 ε
891 1122 1012 1170 Noli
1046 1140 1121 1168 me
1144 1133 1354 1186 tangere.
1375 1120 1609 1169 Nondum

187 1202 309 1246 enim
330 1199 534 1246 ascendi
552 1199 622 1246 ad
640 1210 826 1265 patrem
851 1217 1020 1246 meum.
1051 1199 1198 1247 Vade
1227 1209 1385 1246 autem
1409 1197 1480 1244 ad
1491 1197 1610 1260 fta-

188 1290 277 1326 tres
313 1295 470 1337 meos,
497 1289 541 1325 et
575 1278 657 1325 dic
688 1279 754 1325 eis
777 1296 789 1325 .·
811 1278 1040 1326 Ascendo
1076 1277 1147 1324 ad
1174 1288 1362 1342 patrem
1388 1293 1542 1323 meum
1565 1286 1611 1322 et

181 1368 375 1423 patrem
402 1370 633 1415 veslrum,
662 1356 733 1403 ad
754 1356 912 1403 Deum
941 1373 1096 1402 meum
1125 1366 1168 1402 et
1200 1355 1358 1402 Deum
1379 1365 1605 1400 vestrum.

190 1434 328 1480 Tunc
357 1451 535 1498 egressa
565 1445 634 1481 est
657 1452 681 1480 a
712 1443 1059 1492 monumento,
1095 1431 1186 1479 hoc
1210 1442 1280 1479 est
1303 1429 1364 1477 ab
1396 1431 1482 1478 illo
1504 1431 1612 1479 loco

191 1512 273 1559 ubi
320 1521 418 1559 erat
459 1511 587 1559 horti
627 1513 832 1576 spatium
874 1520 984 1558 ante
1026 1509 1230 1574 lapidem
1268 1510 1520 1566 effossum;
1565 1518 1612 1556 et

192 1589 295 1636 aliae
309 1625 319 1645 ‚
346 1606 463 1654 quas
485 1589 744 1636 secundum
776 1589 992 1636 Marcum
1013 1588 1244 1634 invaserat
1263 1596 1446 1634 tremor
1464 1596 1510 1634 et
1528 1603 1613 1650 pa-

192 1684 295 1723 vor,
336 1685 444 1714 cum
478 1668 578 1724 illa;
608 1678 655 1715 et
689 1667 869 1715 nemini
907 1665 1168 1732 quidquam
1204 1663 1443 1713 dicebant.
1473 1666 1613 1711 Tunc

185 1748 284 1809 jam
298 1745 557 1792 secundum
575 1744 858 1792 Matthaeum
870 1780 882 1802 ,
905 1761 1011 1791 ecce
1028 1745 1159 1791 Jesus
1175 1744 1387 1792 occurrit
1405 1743 1495 1789 illis
1509 1778 1523 1800 ‚
1540 1742 1613 1788 di-

195 1839 302 1868 cens
346 1843 354 1867 :
395 1824 558 1868 Avete.
594 1822 693 1868 11!ae
735 1832 892 1869 autem
929 1831 1225 1868 accesserunt
1263 1830 1311 1868 et
1353 1829 1615 1868 tenuerunt

195 1898 334 1962 pedes
360 1901 457 1962 ejus
491 1908 538 1946 et
572 1898 891 1946 adoraverunt
915 1915 1040 1946 eum.
1078 1899 1154 1944 Sic
1184 1898 1313 1945 enim
1348 1897 1616 1961 colligimus

196 1985 242 2022 et
275 1976 556 2041 angelorum
596 1976 938 2023 allocutionem
959 1975 1033 2022 bis
1065 1992 1270 2022 numero
1300 1993 1373 2022 eas
1402 1973 1618 2021 habuisse

197 2055 437 2102 venientes
461 2055 518 2101 ad
540 2065 911 2102 monumentum
929 2090 942 2112 ,
971 2064 1018 2102 et
1041 2055 1185 2119 ipsius
1223 2053 1435 2102 Domini.
1459 2051 1612 2100 Semel

195 2133 373 2180 scilicet
407 2133 527 2189 illic,
561 2132 754 2197 quando
791 2132 940 2179 Maria
979 2132 1287 2180 hortolanum
1319 2131 1528 2195 putavit,
1565 2140 1612 2176 et

199 2226 325 2255 nunc
352 2211 527 2255 iterum
553 2210 600 2255 in
625 2210 722 2267 via,
753 2226 863 2255 cum
887 2210 951 2255 eis
976 2209 1213 2265 occurrit;
1237 2218 1292 2254 ut
1313 2225 1389 2255 eas
1411 2208 1506 2272 ipsa
1530 2224 1611 2254 re—

195 2287 427 2348 petitione
466 2286 700 2342 firmaret‚
745 2296 885 2349 atque
908 2303 932 2331 a
966 2287 1139 2334 timore
1177 2295 1429 2333 recrearet.
1473 2286 1611 2332 Tunc

197 2380 309 2424 ergo
345 2363 410 2408 ait
450 2362 540 2407 illis
570 2380 579 2406 :
612 2361 777 2408 Nolite
812 2366 985 2409 timere.
1013 2364 1112 2421 Ite,
1142 2361 1611 2427 nuntiatefratribus

197 2441 313 2485 meis
358 2451 406 2485 ut
445 2450 555 2485 eant
582 2441 630 2485 in
662 2439 942 2486 Galc'loeam.
982 2439 1063 2486 Ibi
1091 2458 1165 2486 me
1189 2439 1437 2486 videbunt.
1466 2438 1612 2487 Venit

199 2533 311 2581 ergo
334 2517 482 2562 Maria
502 2516 770 2580 Magdalene
788 2518 1076 2563 annuntians
1095 2517 1336 2582 discipulis
1359 2516 1467 2582 quia
1491 2515 1610 2562 vidit

200 2593 477 2649 Dominum,
500 2604 546 2639 et
561 2591 660 2639 haec
678 2593 718 2639 ei
736 2591 879 2650 dixit;
901 2611 999 2641 non
1020 2594 1174 2641 solum
1193 2594 1307 2657 ipsa,
1326 2592 1404 2640 sed
1422 2601 1469 2639 et
1484 2591 1605 2649 aliae,

197 2686 310 2734 quas
356 2671 503 2715 Lucas
545 2679 901 2717 commemorat.
950 2669 1067 2730 Quae
1123 2670 1466 2716 nuntiaverunt
1507 2666 1610 2714 haec

244 2837 293 2882 (ι)
313 2836 398 2872 Luc.
419 2848 522 2880 xxiv,
549 2836 776 2880 1-8;Joann.
801 2849 863 2879 xx,
890 2849 900 2869 1
934 2835 985 2870 15.
