1738 3043
567 216 721 255 LIBER
750 216 1027 255 SECUNDUS.
1429 218 1508 257 329

90 295 189 342 lum
226 294 548 342 ludificabant.
587 296 814 342 Homines
849 296 1011 342 tandiu
1053 295 1318 343 immobiles
1351 305 1504 354 stare,

90 373 303 438 quandiu
336 373 421 436 ipsi
455 373 738 428 voluissent,
773 371 1026 420 faciebant.
1070 374 1205 422 Visus
1236 391 1427 439 quoque
1459 385 1506 422 et

89 451 275 498 auditus
303 449 554 498 hominum
584 468 607 496 a
639 466 725 496 suo
753 451 907 497 officio
938 450 1259 499 refrenabant.
1298 452 1506 518 Serpen-

91 526 218 575 tibus
247 538 301 574 ut
330 536 636 592 percuterent
669 527 992 591 imperabant,
1030 529 1114 593 ipsi
1146 547 1307 576 rursus
1341 530 1507 576 incan-

90 605 235 653 tando
271 605 516 652 curabant.
558 606 646 652 Per
684 615 833 652 totam
869 623 981 670 ergo
1013 606 1305 671 AEthiopiam
1341 608 1508 672 opinio

89 701 256 731 eorum
296 683 417 740 ibat,
456 693 502 730 et
535 701 590 730 cx
628 682 903 748 longinquis
942 683 1215 748 regionibus
1248 684 1507 748 AEthiopiae

87 762 290 827 populos
313 759 639 826 pertrahebat,
667 770 722 806 ut
747 760 805 807 ad
830 778 989 825 magos
1015 760 1319 819 festinarent,
1342 761 1507 826 decep-

90 841 219 905 tique
242 840 517 904 deceptores
539 838 810 886 adorarent.
840 839 1056 904 Malignis
1086 840 1267 905 itaque,
1292 849 1345 886 ut
1363 839 1506 904 vulgo

87 918 179 965 dici
204 918 349 977 solet,
384 921 536 982 maj0r
569 917 834 965 reverentia
857 916 1109 966 exhibetur
1128 919 1338 977 timoris,
1366 936 1509 984 quam

87 995 307 1062 benignis
331 997 523 1044 amoris.

154 1075 371 1122 Clemens
397 1075 543 1140 igitur
565 1075 825 1132 Dominus,
852 1092 1012 1122 curam
1033 1074 1286 1124 hominum
1315 1092 1506 1140 gerens,

87 1151 367 1199 Matthaeum
404 1152 673 1217 apostolum
711 1153 865 1210 misit,
905 1171 991 1217 per
1026 1171 1170 1218 quem
1203 1151 1509 1216 AEthiopibus

88 1230 264 1295 duplici
290 1230 537 1295 nigredine
559 1231 719 1276 tinctis
738 1230 977 1278 subvenit.
1001 1231 1141 1277 Hunc
1158 1230 1351 1296 quando
1369 1230 1508 1276 vidis-

87 1319 157 1356 set
184 1308 405 1375 AEthiops
430 1307 674 1356 eunuchus
707 1309 904 1356 nomine
925 1308 1149 1355 Candacis
1171 1310 1265 1373 (1),
1294 1308 1378 1373 qui
1402 1307 1511 1355 fue-

86 1398 162 1433 rat
184 1406 206 1434 a
234 1386 456 1452 Philippo
487 1387 816 1451 apostolorum
841 1387 1043 1435 diacono
1075 1386 1364 1451 baptizatus,
1393 1404 1509 1452 gau-

86 1465 200 1512 dens
219 1464 276 1511 ad
292 1464 431 1530 pedes
449 1466 546 1528 ejus
565 1464 799 1528 procidit,
821 1474 868 1511 et
887 1464 1087 1512 adorans
1108 1482 1216 1512 eum
1238 1465 1287 1510 in
1311 1464 1508 1511 domum

85 1561 216 1589 suam
240 1543 460 1607 suscepit.
480 1542 656 1589 Omnes
676 1542 813 1588 amici
832 1541 1057 1588 Candacis
1077 1541 1281 1589 eunuchi
1313 1542 1370 1588 ad
1399 1559 1509 1588 eum

85 1621 367 1678 veniebant,
392 1631 439 1668 et
459 1621 571 1667 vitae
594 1620 795 1668 verbum
820 1620 1061 1668 audientes
1081 1620 1271 1668 Christo
1290 1621 1400 1668 Jesu
1418 1622 1511 1668 Do-

85 1700 220 1748 mino
250 1698 530 1757 credebant,
573 1711 620 1747 et
655 1699 850 1764 plurimi
880 1698 1264 1764 baptizabantur,
1297 1698 1509 1746 videntes

87 1779 218 1845 quod
253 1780 415 1827 omnia
452 1778 597 1835 mala,
641 1795 748 1842 quae
784 1779 907 1842 magi
942 1777 1218 1825 hominibus
1241 1776 1505 1834 faciebant,

88 1856 326 1920 apostolus
356 1856 439 1902 Dei
480 1865 742 1902 evacuaret.
782 1854 854 1900 Illi
892 1854 1019 1901 enim
1058 1853 1164 1900 ideo
1193 1851 1510 1900 vulnerabant

88 1951 209 1999 quos
243 1943 489 1997 poterant,
529 1943 583 1978 ut
613 1931 848 1979 vulnerati
888 1932 1010 1994 ipsos
1044 1941 1287 1995 rogarent.
1321 1930 1508 1994 Quique

90 2011 195 2060 ideo
213 2028 377 2058 curare
396 2009 706 2075 putabantur,
731 2010 960 2074 quoniam
981 2027 1005 2055 a
1031 2009 1224 2055 laesione
1245 2007 1505 2055 cessabant.

88 2089 340 2137 Matthaeus
382 2099 539 2135 autem
579 2087 820 2152 apostolus
856 2086 1060 2144 Christi,
1097 2104 1195 2133 non
1232 2085 1388 2132 solum
1425 2084 1509 2132 hos

90 2169 284 2216 curabat
310 2186 430 2234 quos
456 2168 523 2214 illi
556 2166 818 2223 laedebant,
849 2166 927 2213 sed
958 2167 1099 2213 etiam
1129 2182 1319 2221 omnes,
1346 2164 1426 2229 qui
1453 2163 1510 2210 ad

90 2266 197 2295 eum
223 2246 544 2295 afferebantur
578 2244 934 2292 infirmitatibus
965 2245 1158 2292 diversis
1194 2242 1395 2300 obsessi,
1434 2260 1510 2288 sa-

91 2323 252 2371 nabat.
282 2323 545 2372 Veritatem
570 2340 684 2369 vero
709 2322 791 2369 Dei
818 2321 999 2386 populo
1024 2320 1336 2385 praedicabat,
1371 2319 1431 2365 ita
1460 2329 1510 2365 ut

90 2418 255 2449 omnes
286 2400 342 2447 de
375 2400 643 2465 eloquentia
673 2401 769 2463 ejus
797 2399 1105 2454 mirarentur,
1144 2395 1275 2462 quod
1304 2413 1507 2461 graecam

139 2613 187 2656 (ι)
213 2610 379 2647 candace
393 2611 483 2645 n‘est
501 2621 562 2656 pas
581 2609 612 2643 le
626 2621 711 2643 nom
726 2607 771 2642 de
785 2606 980 2654 l'eunuque
995 2606 1134 2654 baptise
1149 2619 1214 2654 pai·
1227 2606 1320 2641 saint
1339 2603 1509 2649 Philippo

93 2669 230 2710 diacre,
252 2671 340 2705 mais
358 2669 450 2705 celui
470 2669 514 2703 ‹lc
528 2669 559 2702 la
576 2669 676 2702 rrinc
691 2680 734 2702 aii
752 2666 885 2701 service
903 2665 947 2700 de
962 2665 1114 2712 laquelle
1128 2664 1153 2700 il
1167 2665 1254 2699 ctait
1271 2664 1371 2717 (Art.
1388 2667 1505 2706 apos-1,

96 2742 170 2767 vm,
193 2732 263 2777 27),
285 2738 318 2765 οἱ
336 2731 397 2778 qui
419 2731 528 2776 pai-ai!
549 2730 646 2764 axoii·
663 2730 719 2763 ctc
733 2739 903 2763 commun
922 2728 938 2760 i·
955 2726 1133 2772 plusieurs
1152 2725 1269 2761 rcincs
1284 2721 1505 2767 d'Ethiopic.
