1738 3043
205 210 284 246 310
572 203 818 242 HISTORIA
849 202 1255 242 ECCLESIASTICA.

203 287 301 333 Dei
340 285 480 331 desit.
522 282 708 342 Quibus
756 282 823 329 ait
868 303 878 329 ε
929 283 1140 329 Veniam
1182 282 1254 329 ad
1289 300 1377 330 vos
1418 287 1634 349 sequenti

205 374 369 420 nocte,
411 373 455 408 et
487 360 679 426 plenius
713 378 802 407 vos
839 361 1102 417 instruens,
1140 360 1446 426 proficiscar.
1483 361 1634 426 Igitur

200 445 336 506 juxta
377 439 665 505 promissum
700 455 840 485 suum
881 438 1035 494 venit,
1078 437 1135 485 de
1173 437 1399 485 omnibus
1439 449 1633 486 aeternae

206 520 314 565 vitm
339 517 580 583 mysteriis
613 515 777 563 ambos
807 515 1061 581 diligenter
1091 516 1346 574 instruxit,
1382 526 1429 564 et
1456 514 1637 582 baptis-

206 597 345 644 matis
365 613 443 644 eos
467 594 592 642 unda
611 594 940 642 sanctificavit.
965 595 1046 640 llis
1073 595 1229 660 itaque
1252 595 1481 660 peractiS,
1509 595 1638 642 navi-

206 676 361 739 gavit;
389 685 435 721 et
454 683 564 739 post
586 673 780 739 aliquod
809 683 994 738 tempus
1019 691 1170 720 unum
1193 691 1248 721 ex
1271 672 1514 738 discipulis
1542 673 1638 720 suis

209 753 364 808 misit,
391 769 535 816 quem
566 749 902 815 presbyterum
926 750 1153 798 ordinans
1187 751 1249 797 ita
1281 751 1557 808 constituit,
1583 760 1639 797 ut

212 831 259 877 in
294 829 455 877 eadem
485 829 675 876 civitate
705 829 987 876 consisteret
1016 840 1063 876 et
1087 828 1327 876 ecclesiam
1361 829 1636 886 ordinaret,

211 909 260 955 in
292 925 385 973 qua
417 907 598 953 multus
630 907 733 953 Deo
766 905 971 971 populus
1001 917 1071 953 est
1101 907 1375 972 acquisitus.
1410 905 1480 953 lbi
1512 905 1640 954 sedes

209 995 279 1033 est
302 985 509 1032 Thomae
536 984 768 1048 apostoli,
797 983 1008 1048 fidesque
1036 983 1268 1032 catholica
1297 1002 1448 1050 usque
1473 985 1522 1031 in
1547 984 1642 1032 ho-

210 1063 434 1109 diernum
457 1060 604 1108 diem.
627 1062 886 1127 Dionysius
910 1064 1069 1109 autem
1095 1062 1344 1127 episcopus
1369 1061 1520 1109 sactus
1541 1071 1639 1120 est,

212 1157 531 1206 sponsamque
567 1158 700 1186 suam
733 1157 866 1188 sacro
904 1140 1138 1188 velamine
1177 1141 1496 1197 consecravit,
1533 1156 1643 1206 quae

211 1230 321 1286 post
357 1217 548 1266 obitum
584 1220 683 1283 ejus
719 1217 896 1283 duplex
933 1219 1220 1284 martyrium
1259 1218 1489 1283 pertulit;
1533 1218 1645 1283 quia

212 1299 372 1345 virum
394 1295 566 1344 habere
582 1298 898 1360 contempsit,
924 1314 1014 1344 nec
1039 1296 1175 1343 idolis
1192 1296 1454 1344 sacrificare
1470 1295 1642 1343 voluit.

213 1379 267 1424 ln
294 1375 469 1423 Christi
497 1393 611 1441 ergo
635 1374 934 1423 confessione
953 1374 1181 1422 decollata
1209 1385 1305 1433 est,
1333 1386 1380 1423 et
1405 1391 1547 1440 super
1571 1385 1646 1421 tu-

216 1454 405 1500 mulum
438 1455 535 1517 ejus
573 1454 741 1517 graecis
773 1452 1074 1501 sermonibus
1115 1464 1162 1500 et
1196 1453 1368 1500 litteris
1400 1453 1463 1499 ita
1497 1452 1646 1516 scrip-

218 1541 322 1577 tum
357 1540 427 1578 est
469 1550 479 1575 :
517 1531 565 1576 IN
607 1546 700 1576 Hoc
738 1547 858 1578 Loco
896 1547 1176 1587 Rssoumscvr
1217 1547 1389 1578 SPONSA
1426 1530 1646 1578 DloNst

220 1624 427 1655 Episcopi
455 1624 515 1653 ET
543 1624 665 1653 F1L1A
695 1608 881 1654 THOMAE
907 1624 1156 1654 APOSTOLI.

285 1684 408 1730 Cum
434 1683 673 1730 venissent
697 1683 993 1747 Hierapolim
1025 1684 1072 1730 in
1109 1683 1241 1730 India
1265 1684 1536 1743 civitatem,
1570 1685 1650 1731 in-

219 1779 402 1827 gressus
443 1759 664 1808 Abbanes
707 1761 764 1807 ad
805 1760 1142 1808 Gundaforum
1180 1779 1367 1827 regem,
1409 1763 1652 1809 nuntiavit

221 1840 460 1887 Thomam
481 1839 634 1886 adesse
654 1839 996 1903 peritissimum
1020 1840 1270 1887 artificem.
1292 1841 1392 1888 Rex
1410 1851 1568 1889 autem
1592 1840 1650 1889 de

220 1917 500 1965 fabricando
521 1917 697 1982 palatio
721 1934 831 1964 cum
854 1935 910 1965 eo
937 1917 1182 1975 tractavit,
1210 1928 1257 1966 et
1281 1917 1469 1965 aedificii
1489 1918 1650 1966 locum

224 1997 291 2044 illi
319 1995 545 2043 ostendit.
582 1994 788 2042 Thomas
812 2006 973 2043 autem
996 1995 1280 2044 arundinem
1308 1995 1647 2061 apprehendit,

225 2087 271 2122 ct
295 2074 537 2122 metiendo
559 2074 680 2121 dixit
706 2095 716 2120 :
744 2075 877 2122 Ecce
891 2075 1082 2140 januas
1103 2074 1182 2122 lzz’c
1208 2075 1469 2141 disponam
1476 2076 1499 2134 ,'
1519 2086 1563 2122 et
1584 2075 1655 2122 ad

225 2166 379 2201 ortum
418 2153 534 2200 solis
576 2155 846 2218 ingressum
878 2173 889 2199 .-
919 2155 1084 2219 primo
1110 2154 1404 2219 proaulam,
1437 2153 1652 2201 secundo

225 2233 591 2289 salutatorium,
618 2235 667 2278 in
692 2233 827 2279 tertio
851 2233 1210 2290 consistorium,
1235 2234 1285 2278 in
1307 2243 1479 2297 quarto
1506 2233 1651 2279 trico—

228 2312 374 2367 rium,
405 2311 454 2355 in
480 2311 646 2373 quinto
671 2321 800 2356 zetas
830 2309 1101 2372 hyemales,
1129 2312 1178 2356 in
1202 2322 1339 2358 sexto
1363 2322 1492 2358 zetas
1515 2311 1651 2358 cesti-

228 2385 380 2441 vales,
414 2387 464 2431 in
492 2387 692 2451 septimo
727 2387 1103 2451 epicaustorium
1137 2398 1181 2432 et
1212 2387 1425 2435 triclinia
1456 2386 1651 2434 aceubi-

230 2464 380 2519 talia,
427 2464 475 2508 in
519 2474 684 2510 oclavo
725 2464 962 2523 thermas,
1008 2467 1058 2511 in
1096 2484 1223 2513 nono
1259 2467 1555 2530 gymnasia,
1601 2467 1652 2511 in

228 2540 414 2587 decimo
433 2542 717 2603 coquinam,
745 2543 795 2587 in
816 2542 1067 2589 undecimo
1091 2543 1331 2608 coiymbos
1348 2554 1391 2590 et
1412 2560 1652 2607 aquarum

232 2619 366 2664 lacus
402 2616 675 2681 influentes,
711 2621 759 2664 ιή
791 2620 1079 2667 duodecimo
1112 2619 1457 2687 hypodromum
1490 2630 1533 2666 et
1562 2635 1653 2685 per
