1738 3043
670 182 823 220 LIBER
855 183 1061 220 PRIMUS.
1553 186 1577 221 0

152 265 394 312 Christum
419 265 638 329 agnovit,
668 263 918 326 ipsumque
950 262 1103 326 palam
1132 261 1357 309 omnibus
1384 264 1463 327 qui
1502 281 1577 310 re-

150 342 475 407 demptionem
509 339 911 405 praestolabantur
945 341 1229 397 Jerusalem,
1261 343 1360 404 jam
1398 342 1576 388 venisse

151 420 422 484 praecinuit.
455 419 678 466 Parentes
712 434 802 482 pro
838 435 894 465 co
924 435 1008 481 par
1040 428 1313 476 turturum,
1346 429 1428 464 aut
1457 418 1576 465 duos

149 499 304 564 pullos
341 497 674 546 columbarum
699 496 1015 553 obtulerunt;
1057 498 1230 562 quihus
1263 499 1470 545 ecclesiae
1499 499 1578 545 ni-

151 576 244 623 tida
259 577 444 622 castitas
459 586 506 623 et
529 574 700 622 blanda
720 574 994 638 simplicitas
1014 574 1332 640 praefiguratae²
1354 586 1465 621 suut
1480 576 1571 638 (1).

213 656 334 702 Ecce
354 666 468 702 nato
490 654 538 701 in
564 671 704 701 carne
721 654 930 701 Domino
952 671 1053 701 non
1071 654 1226 701 solum
1252 655 1405 719 angeli
1427 654 1575 701 coelo-

146 751 279 789 rum,
320 733 399 780 sed
435 743 483 780 ct
512 733 668 780 omnis
700 742 810 778 aetas
843 732 1121 779 mortalium
1153 742 1200 780 et
1229 750 1388 789 sexus,
1417 731 1574 779 reddit

149 811 490 858 testimonium.
507 810 655 876 Virgo
670 811 815 857 Maria
837 811 1041 875 Spiritus
1057 810 1217 857 Sancti
1238 811 1576 874 cooperatione

148 890 394 953 concepit,
422 889 606 953 peperit
640 899 686 936 et
709 889 924 946 lactavit,
955 890 1092 954 eique
1126 907 1211 953 per
1234 890 1395 936 omnia
1427 890 1573 935 effica-

148 967 266 1013 citer
300 967 443 1031 ipsius
474 983 565 1030 ope
592 967 899 1012 ministrarit.
929 967 1137 1013 Joannes
1163 967 1213 1013 in
1246 978 1384 1014 utero
1411 968 1575 1013 matris

146 1044 407 1091 Dominum
434 1045 547 1092 laeto
569 1056 703 1109 gestu
730 1063 869 1092 suum
900 1045 1146 1103 salutavit,
1181 1056 1228 1093 et
1254 1046 1432 1111 repleta
1464 1047 1576 1110 Spi-

147 1121 246 1167 ritu
268 1122 443 1169 Sancto
469 1121 745 1169 Helizabeth
770 1122 947 1187 triplici
972 1122 1238 1188 prophetiae
1257 1123 1403 1170 modo
1421 1124 1575 1170 ecclee-

148 1200 228 1245 siae
266 1199 323 1246 de
361 1199 532 1247 Messia
570 1211 616 1247 et
652 1202 749 1264 ejus
783 1201 1016 1265 genitrice
1053 1200 1373 1265 prophetavit.
1414 1201 1576 1249 Glori-

148 1276 409 1324 ficaverunt
450 1278 601 1344 angeli
645 1280 831 1335 Deum,
870 1295 961 1343 pro
1000 1278 1207 1326 humana
1246 1279 1575 1344 redemptione

147 1355 447 1401 incarnatum
467 1375 480 1412 ;
513 1356 595 1420 qui
625 1355 740 1401 dum
765 1373 853 1402 nos
878 1356 1186 1421 conspiciunt
1207 1357 1407 1414 redimi,
1437 1374 1575 1403 suum

144 1433 351 1498 gaudent
380 1451 637 1481 numerum
668 1435 861 1499 repleri.
900 1435 1125 1500 Angelica
1161 1436 1433 1484 visitatione
1463 1454 1575 1501 pas—

149 1522 272 1559 tores
306 1513 528 1558 instructi
562 1511 808 1560 Bethleem
844 1524 1129 1571 accurrunt3
1169 1532 1341 1578 panem
1376 1515 1570 1573 vivum,

144 1590 225 1654 qui
250 1588 308 1636 de
335 1590 462 1637 coelo
485 1589 728 1637 descendit
745 1627 757 1646 ,
793 1591 842 1637 in
872 1592 1105 1655 praesepio
1130 1601 1381 1657 quaerunt;
1411 1590 1574 1638 infan-

147 1679 265 1724 tem,
289 1669 373 1733 qui
392 1668 528 1715 coelis
547 1667 793 1732 praesidet,
816 1670 987 1733 pannis
1006 1670 1280 1717 involutum
1299 1669 1570 1718 inveniunt.

143 1745 393 1792 Pastorum
419 1747 674 1810 praeconiis
702 1747 1000 1795 audientium
1021 1748 1163 1795 corda
1191 1747 1249 1796 de
1269 1748 1447 1795 Christi
1479 1765 1575 1796 no-

147 1821 247 1868 titia
270 1823 496 1886 gaudium
526 1835 573 1871 et
602 1823 968 1872 admirationem
998 1826 1296 1890 concipiunt.
1328 1825 1574 1872 Zacharias

145 1908 192 1944 et
216 1898 409 1946 Simeon
432 1901 548 1962 justi
571 1918 702 1947 senes
727 1900 972 1947 Christum
999 1902 1312 1959 confitentur,
1340 1912 1388 1949 et
1405 1902 1462 1949 de
1489 1901 1573 1948 illo

146 1975 308 2022 futura
352 1976 704 2035 vaticinantur3
746 1978 920 2043 quibus
957 1980 1005 2025 in
1044 1979 1220 2026 Christi
1257 1997 1419 2027 amore
1454 1997 1572 2026 anus

145 2051 278 2099 beata
318 2052 523 2101 fideliter
562 2054 701 2101 Anna
744 2056 1018 2103 comitatur.
1061 2057 1206 2104 Bonis
1244 2058 1403 2123 itaque
1443 2057 1571 2105 felici

137 2131 436 2195 jocunditate
463 2132 840 2197 gratulantibus,
869 2134 1105 2191 Herodes,
1135 2135 1372 2182 inusitatis
1400 2152 1571 2183 rumo-

143 2208 276 2255 ribus
300 2209 496 2268 auditis,
534 2211 849 2258 contristatur
885 2213 1082 2277 impius,
1121 2223 1168 2260 et
1191 2212 1330 2279 jubet
1356 2230 1522 2262 omnes
1546 2232 1571 2261 a

144 2286 328 2334 bimatu
352 2298 399 2336 et
419 2287 543 2335 infra
564 2289 614 2335 in
635 2289 878 2338 Bethleem
901 2291 1073 2356 perimi
1088 2327 1102 2349 ,
1121 2301 1170 2338 et
1194 2292 1245 2338 in
1269 2292 1454 2339 cunctis
1472 2293 1571 2357 ejus

144 2362 337 2412 finibus.
373 2366 629 2414 Translato
659 2367 768 2415 Jesu
798 2386 908 2415 cum
947 2369 1123 2415 intacta
1157 2379 1309 2417 matre
1344 2388 1369 2415 a
1396 2369 1571 2434 Joseph

146 2442 195 2488 in
214 2442 505 2508 AEgyptum,
534 2443 734 2492 Herodis
758 2445 882 2492 furia
906 2444 1164 2494 crudeliter
1188 2447 1362 2494 effusus
1385 2456 1454 2494 est
1472 2464 1572 2494 san-

145 2521 246 2584 guis
272 2521 511 2568 infantum
529 2558 542 2579 ‚
569 2532 614 2569 et
639 2524 791 2587 campi
816 2523 1060 2572 Bethleem
1084 2524 1372 2573 maduerunt
1401 2542 1571 2572 cruore

195 2695 244 2737 (ι)
269 2695 355 2729 Luc.
380 2708 426 2736 ιι,
449 2695 571 2737 24-38.
