1738 3043
165 192 244 232 ⁴26
526 192 769 232 HISTORIA
799 193 1199 235 ECCLESIASTICA.

164 269 448 327 monachus,
485 271 532 318 iu
566 272 684 320 urbe
715 274 866 320 Roma
898 283 994 321 tam
1016 276 1227 323 saeculari
1251 293 1394 341 quam
1413 276 1569 326 divina

162 349 354 396 scientia
380 349 571 407 claruit;
595 351 677 416 qui
699 352 824 398 inter
847 362 1012 399 caetera
1027 388 1041 410 ,
1061 371 1168 418 quae
1186 352 1411 402 nobiliter
1428 356 1573 420 scrip-

160 427 246 482 sit,
286 426 577 490 psalmorum
611 429 849 493 praecipue
879 430 1063 477 occulta
1095 431 1421 496 potentissime
1447 450 1574 481 rese-

161 504 282 550 ravit
302 505 323 568 (
335 505 395 568 ι).

227 584 368 630 Tunc
392 584 533 631 etiam
556 584 812 650 Dionysius
836 584 975 633 abbas
1003 588 1051 634 in
1075 587 1194 637 urbe
1219 590 1368 636 Roma
1392 588 1575 636 consti-

165 670 294 707 tutus
337 660 598 725 paschalem
641 661 874 709 calculum
914 664 1126 711 miranda
1164 664 1576 730 argumentatione

164 740 450 803 composuit.

229 817 493 863 Priscianus
521 835 712 883 quoque
743 818 1038 866 Caesariensis
1070 819 1192 884 apud
1231 820 1578 867 Constantino—

161 893 312 957 polim
345 896 664 959 grammaticae
698 896 835 954 artis,
879 907 934 942 ut
973 896 1035 943 ita
1075 895 1301 954 dixerim,
1339 896 1578 962 profunda

164 972 361 1018 rimatus
383 983 469 1019 est.
500 1022 502 1024 ,

227 1049 403 1098 Arator
420 1050 733 1099 nihilominus
759 1068 972 1099 romanae
991 1052 1214 1099 Ecclesiae
1234 1051 1576 1111 subdiaconus,

164 1138 301 1191 poeta
324 1127 583 1187 mirabilis,
609 1129 953 1194 Apostolorum
970 1130 1116 1177 Actus
1137 1129 1419 1177 hexametris
1440 1129 1583 1178 versi-

164 1204 252 1252 bus
277 1208 500 1254 exaravit.

232 1285 370 1330 Tunc
393 1285 533 1332 etiam
561 1284 857 1333 beatissimus
887 1297 1022 1350 pater
1047 1285 1350 1343 Benedictus,
1377 1294 1425 1333 et
1450 1284 1582 1349 prius

167 1364 215 1410 in
237 1363 343 1410 loco
371 1364 451 1428 qui
477 1363 704 1411 Subiacus
729 1364 921 1424 dicitur,
948 1365 1030 1430 qui
1059 1363 1118 1411 ab
1142 1363 1260 1412 urbe
1288 1381 1349 1412 XL
1372 1361 1584 1410 millibus

166 1439 320 1498 abest,
353 1451 400 1489 et
422 1452 581 1505 postea
607 1442 656 1488 in
682 1452 835 1489 castro
852 1442 1068 1498 Cassino,
1094 1441 1276 1506 magnis
1300 1441 1411 1487 vitae
1434 1439 1584 1487 meri-

167 1518 225 1563 tis
261 1529 307 1565 et
334 1518 604 1581 apostolicis
641 1518 898 1565 virtutibus
936 1518 1132 1575 effulsit3
1168 1520 1297 1581 cujus
1327 1518 1499 1574 vitam,
1528 1525 1584 1562 ut

167 1605 337 1642 notum
354 1605 446 1651 est,
469 1594 631 1642 beatus
651 1614 767 1659 papa
787 1595 1044 1660 Gregorius
1066 1596 1114 1641 in
1129 1597 1223 1641 suis
1239 1594 1433 1659 dialogis
1454 1593 1581 1640 suavi

165 1689 383 1720 sermone
407 1673 678 1738 composuit
698 1674 791 1736 (2).

211 1872 261 1916 (ι)
287 1870 328 1916 (5
343 1871 426 1917 juin
445 1870 580 1919 574-30
594 1871 716 1917 juillet
734 1870 831 1919 578.)
850 1870 1003 1914 Alboin,
1021 1871 1074 1905 roi
1094 1870 1156 1905 des
1175 1869 1375 1905 Lombards
1388 1897 1398 1914 ‚
1420 1870 1528 1905 sortit
1540 1869 1587 1906 de

168 1929 201 1964 la
220 1929 407 1964 Pannonio
425 1929 457 1964 le
475 1941 495 1964 2
517 1930 610 1964 avril
627 1929 696 1965 568
722 1942 816 1977 pour
838 1936 962 1964 entrer
981 1929 1070 1964 dans
1096 1928 1128 1963 la
1148 1929 1324 1972 Venetie,
1351 1929 1524 1975 s'empara
1540 1928 1587 1964 de

169 1989 281 2024 Milan
301 1990 333 2024 le
352 1993 370 2033 4
391 1990 596 2037 septembre
614 1990 659 2025 dc
683 1990 822 2025 l'annce
841 1990 1022 2033 suivant-2,
1043 1989 1124 2036 puis
1142 1988 1187 2023 de
1201 1988 1234 2023 la
1252 1988 1331 2033 plus
1352 1987 1488 2035 grande
1501 2000 1587 2035 par-

169 2050 218 2084 tie
246 2049 291 2085 de
320 2050 467 2094 l'Italie‚
491 2050 643 2098 jusques
672 2057 709 2085 et
732 2063 755 2098 y
781 2050 939 2097 compris
966 2049 998 2084 le
1028 2048 1148 2083 ‹luche
1173 2047 1219 2083 de
1247 2048 1442 2082 Benevent.
1471 2047 1588 2082 Notre

168 2116 299 2144 auteur
318 2110 400 2144 s'cst
420 2117 627 2155 gravcmcnt
644 2111 789 2156 trompe'
808 2122 853 2143 en
870 2122 961 2143 nous
980 2110 1190 2156 presentant
1203 2107 1329 2142 Benoit
1342 2108 1483 2142 comme
1498 2118 1587 2142 con-

170 2169 377 2214 temporain
397 2168 442 2203 (le
458 2169 655 2204 Justinien.
682 2169 733 2204 Ce
748 2169 875 2216 prince
891 2169 980 2203 etait
996 2174 1093 2203 mort
1112 2167 1144 2202 lc
1170 2169 1209 2209 ¹4
1227 2166 1422 2202 novembre
1439 2164 1520 2204 565.
1540 2165 1589 2200 La

172 2227 341 2263 dedicat-e
364 2228 409 2263 de
427 2229 711 2275 Salute-Sopliie
733 2230 827 2265 avait
848 2241 893 2263 eu
912 2228 985 2262 lieu
1011 2227 1043 2262 le
1067 2238 1109 2275 27
1129 2226 1322 2275 decembre
1341 2223 1423 2274 537.
1444 2224 1589 2261 Cassio-

171 2285 260 2321 dorc
277 2288 366 2322 ctait
390 2295 486 2322 mort
510 2301 592 2322 sous
610 2288 642 2321 lc
661 2288 849 2335 pontificat
870 2287 914 2322 (le
929 2288 1017 2321 Jcan
1041 2276 1113 2328 ΠΙ,
1135 2297 1213 2320 vers
1230 2284 1318 2328 565,
1343 2283 1431 2319 dans
1453 2295 1503 2318 un
1521 2282 1588 2329 age

174 2347 245 2380 tri-s
259 2349 401 2381 aranee.
423 2347 495 2382 Son
519 2348 785 2382 commentaire
805 2360 871 2381 sur
885 2347 937 2381 les
956 2347 1136 2381 Psammes
1154 2351 1208 2379 est
1224 2356 1269 2379 en
1283 2342 1366 2379 effet
1380 2343 1456 2378 l’un
1470 2341 1515 2378 de
1532 2352 1589 2376 ses

174 2406 390 2453 principaux
409 2418 596 2453 ouvrages.

219 2465 270 2510 (2)
296 2465 397 2499 Nous
415 2477 524 2500 avons
549 2465 646 2512 pai-le
661 2494 670 2509 ,
697 2465 786 2501 dans
805 2478 871 2500 nos
895 2472 997 2500 notes
1022 2476 1085 2499 sur
1102 2463 1135 2499 le
1153 2463 1242 2499 livre
1267 2468 1317 2506 ιε’,
1337 2461 1383 2496 de
1399 2458 1588 2495 Denis-le-

175 2524 290 2568 Petit,
311 2526 372 2572 qui
396 2533 545 2560 mourut
565 2539 609 2561 eu
628 2525 710 2569 540.
733 2527 780 2561 Le
797 2526 939 2562 celebre
960 2525 1217 2573 grammairien
1234 2521 1394 2558 Priscien
1419 2519 1589 2554 ssorissait

175 2587 194 2619 a
209 2584 510 2631 Constantinoplc
530 2597 608 2619 vers
626 2583 708 2622 525.
730 2587 863 2621 Arator
884 2585 990 2628 etait,
1011 2596 1152 2620 comme
1166 2593 1256 2618 nous
1275 2580 1407 2615 l’avons
1425 2578 1504 2625 deja
1521 2590 1587 2623 vu,

177 2645 451 2692 contemporain
471 2644 519 2678 du
543 2658 632 2692 pape
652 2646 788 2693 vigile.
812 2646 915 2682 Saint
938 2645 1082 2687 Benoit‚
1111 2644 1156 2677 ne
1175 2654 1218 2676 en
1250 2639 1336 2683 480,
1362 2639 1466 2686 apres
1491 2637 1591 2673 avoir

179 2702 294 2737 forme
319 2715 380 2737 son
407 2705 564 2749 premier
588 2705 855 2740 ‹··ta}›1issement
880 2704 1109 2749 monastique
1135 2702 1153 2735 ὲ
1176 2699 1329 2735 Subiaco
1351 2697 1413 2734 d'es
1437 2700 1521 2746 497,
1551 2707 1590 2732 ³⁸
