1738 3043
189 199 265 235 378
554 196 795 235 HISTORIA
828 197 1228 238 ECCLESIASTICA.

188 275 437 322 visibiliter
464 277 649 340 populis
681 294 920 341 apparere,
955 279 1178 326 Protinus
1202 280 1258 327 dc
1280 290 1429 328 statua
1454 284 1597 331 exivit

188 355 317 419 quasi
358 355 490 418 niger
515 355 740 418 puerulus
764 354 1012 403 obscurior
1034 356 1259 421 fuligine,
1286 360 1416 423 cujus
1442 361 1595 424 capilli

194 433 299 478 tetri
322 443 368 478 et
386 431 647 480 densissimi
670 451 816 499 usqne
832 433 888 480 ad
908 435 1044 499 pedes
1063 447 1222 491 erant;
1243 447 1290 484 et
1305 455 1389 501 per
1406 454 1457 485 os
1477 438 1599 486 illius

190 526 241 554 ac
273 526 407 556 nares
431 519 479 557 et
509 510 670 557 oculos
699 511 773 574 (1)
809 529 917 558 cum
948 511 1119 559 foetido
1145 513 1311 561 ardore
1335 514 1597 563 emanabat.

192 587 408 651 Denique
443 598 605 635 sancto
642 588 829 653 populis
863 589 1141 638 ostendente
1177 609 1319 656 quem
1350 592 1602 639 dominum

193 665 464 722 coluerant,
487 666 622 731 eique
643 683 804 712 rursus
825 677 877 713 ut
895 677 1094 714 statuam
1114 669 1460 717 comminueret
1476 687 1602 734 prae-

193 743 398 807 cipiente
416 779 429 801 ,
458 743 747 791 confractam
777 755 976 790 statuam
1003 745 1047 791 in
1078 745 1319 809 pulverem
1346 745 1527 812 redegit
1557 757 1604 795 et

191 833 351 886 postea
376 840 609 887 nusquam
634 823 916 887 comparuit.
937 823 1230 871 Venerabilis
1247 835 1405 872 autem
1426 826 1606 889 episco-

191 918 280 965 pus
310 911 506 949 cunctos
533 912 737 965 aegrotos
768 901 825 947 ad
856 919 903 948 se
940 903 1215 966 congregari
1240 902 1380 962 fecit,
1407 914 1455 950 et
1477 902 1604 951 facto

193 996 334 1043 super
355 996 433 1026 eos
456 980 592 1045 signo
615 979 766 1026 crucis
791 979 838 1025 in
859 979 942 1026 Dei
967 980 1162 1027 nomine
1180 980 1384 1037 sanavit;
1407 991 1454 1027 et
1470 997 1608 1027 cunc-

196 1066 267 1102 tos
302 1056 385 1120 qui
428 1055 492 1102 ibi
532 1073 832 1104 commanere
867 1056 1151 1103 videbantur
1182 1055 1454 1120 baptizavit.
1493 1056 1608 1104 Inde

194 1150 407 1180 reversus
433 1133 487 1180 ad
523 1134 765 1199 propriam
799 1134 983 1191 sedem,
1021 1135 1227 1181 oratoria
1256 1135 1467 1182 construi
1497 1133 1610 1181 fecit

195 1221 242 1257 et
274 1210 538 1276 insignibus
568 1212 861 1259 ornamentis
886 1211 1138 1277 diligenter
1167 1211 1422 1259 decoravit.
1447 1211 1609 1258 Unum

198 1289 244 1335 in
267 1287 450 1337 honore
468 1291 614 1336 sancti
636 1289 861 1354 Stephani
884 1290 1252 1355 protomartyris
1272 1289 1608 1354 consanguinei

195 1368 263 1413 sui
290 1370 609 1426 consecravit,
645 1379 691 1416 et
726 1368 851 1416 aliud
882 1370 928 1415 in
959 1368 1144 1416 honore
1167 1368 1315 1414 sancti
1339 1368 1464 1415 Petri
1492 1384 1611 1432 apo—

198 1446 304 1492 stoli
335 1464 387 1492 ac
420 1447 628 1511 magistri
666 1448 734 1493 sui
770 1448 1019 1494 constituit
1053 1448 1154 1511 (2),
1193 1456 1240 1493 et
1275 1456 1432 1493 totum
1466 1446 1612 1492 altare

196 1542 282 1588 pcr
309 1524 560 1570 circuitum
586 1525 771 1571 laminis
795 1527 945 1572 aureis
974 1525 1174 1571 vestivit.
1205 1524 1502 1571 Constructis
1524 1541 1613 1569 au-

201 1609 294 1646 tem
318 1598 521 1646 basilicis
536 1636 548 1656 ‚
571 1599 733 1647 beatus
758 1601 929 1664 praesul
949 1612 1132 1647 certum
1155 1600 1463 1647 dedicationis
1486 1599 1612 1647 diem

198 1676 523 1734 denuntiarit,
546 1688 591 1724 et
610 1677 874 1742 Stephanus
896 1678 990 1724 dux
1015 1679 1318 1725 sufficientem
1337 1688 1611 1742 apparatum

200 1757 382 1801 cunctis
406 1755 707 1802 venientibus
731 1756 785 1802 ad
812 1774 937 1802 sacra
962 1756 1185 1803 solemnia
1211 1756 1463 1820 praeparari
1485 1773 1614 1803 com-

200 1835 456 1881 mendavit.
480 1835 631 1881 Porro
650 1835 766 1880 dum
786 1845 970 1881 sanctus
988 1833 1204 1899 pontifex
1230 1834 1488 1881 celebraret
1504 1834 1615 1880 mis-

201 1929 356 1958 sarum
377 1911 623 1968 solemnia,
642 1912 839 1968 Aweus,
858 1929 1013 1959 comes
1030 1912 1285 1958 Turonicae
1305 1912 1524 1970 civitatis,
1541 1930 1616 1958 ar-

202 1998 364 2053 reptus
383 1999 453 2035 est
469 2007 490 2034 a
513 1988 703 2035 diabolo
722 2006 830 2035 cum
849 1991 1046 2053 conjuge
1061 1989 1341 2035 Christiana.
1357 1988 1446 2036 Vir
1458 1999 1615 2036 autem

202 2065 396 2113 Domini
430 2066 512 2112 diu
547 2066 730 2131 fatigari
766 2066 980 2114 homines
1005 2084 1163 2131 passus
1191 2084 1287 2114 non
1315 2077 1409 2123 est,
1436 2066 1515 2115 sed
1538 2085 1615 2114 eos

203 2142 259 2189 ad
288 2161 334 2189 se
351 2144 492 2207 jussit
526 2145 712 2201 venire,
747 2154 794 2191 et
827 2143 1066 2191 daemones
1105 2144 1368 2208 increpavit
1403 2161 1488 2190 cur
1519 2144 1614 2190 ausi

201 2220 401 2268 fuissent
433 2222 479 2267 in
511 2221 615 2268 illos
641 2222 834 2268 intrare.
862 2224 1111 2269 Daemones
1138 2239 1252 2268 vero
1280 2220 1504 2268 dixerunt
1526 2220 1616 2267 hoc

205 2297 291 2343 sibi
314 2299 596 2363 permissum
616 2299 757 2345 fuisse
781 2316 869 2363 pro
894 2299 1289 2363 transgressione,
1315 2299 1423 2363 quia
1452 2309 1616 2345 contra

253 2468 303 2513 (i)
329 2467 480 2513 Ajoutez
505 2484 510 2501 :
534 2470 644 2512 ignis.

253 2528 304 2573 (2)
330 2528 377 2561 La
400 2527 606 2561 cathedrale
632 2528 676 2563 dc
696 2529 861 2573 Limoges
884 2535 938 2564 est
961 2541 1093 2564 encore
1117 2541 1199 2564 sous
1215 2527 1444 2563 l'invocation
1462 2526 1507 2561 de
1525 2527 1620 2561 saint

211 2580 375 2623 Etienne.
399 2588 548 2632 L'eglise
572 2588 741 2633 designec
765 2590 808 2623 ici
830 2601 912 2624 sous
933 2589 965 2624 le
989 2602 1073 2624 nom
1098 2589 1143 2624 de
1162 2587 1425 2630 saint-pierre,
1452 2586 1620 2634 s'appelle

209 2645 473 2681 saint-Martia!
494 2645 623 2692 depuis
650 2647 815 2695 l'ibpoque
840 2647 979 2682 reculee
1007 2648 1052 2681 ou
1079 2647 1146 2681 elle
1168 2659 1186 2680 a
1212 2658 1297 2691 recu
1322 2644 1373 2680 les
1396 2644 1553 2692 reliques
1574 2643 1620 2680 de

208 2704 357 2751 Paphii-e.
375 2704 422 2739 du
445 2705 642 2740 Limousin.
1019 2709 1021 2711 '
