1738 3043
229 245 307 283 336
595 241 831 280 HISTORIA
862 241 1261 282 ECCLESIASTICA.

232 340 340 370 nem
376 321 582 368 Simonis
613 321 737 368 Petri
780 331 828 368 et
858 321 991 368 Judae
1026 322 1267 370 traditoris
1289 358 1302 379 ,
1334 325 1415 388 qui
1451 334 1498 372 et
1539 327 1635 390 ipse

229 402 393 447 Simon
432 399 654 446 Scariotis
692 398 843 445 dictus
887 410 985 456 est,
1031 400 1087 445 de
1125 402 1248 447 Cana
1288 401 1392 449 vico
1429 400 1634 450 Galilaeae

228 477 344 534 suit,
368 475 448 522 ubi
468 477 699 523 Dominus
718 493 885 541 aquam
906 477 953 523 in
973 477 1136 523 vinum
1155 478 1372 524 mutavit.
1400 479 1487 525 Hic
1506 479 1634 545 prin·

229 556 434 620 cipatum
461 555 508 600 in
534 555 744 619 ,ngpto
770 555 962 618 accepit.

293 632 432 680 Judas
463 631 622 679 Jacobi
653 633 906 680 trinomius
938 632 1046 678 suit.
1078 633 1218 680 Judas
1248 634 1377 681 enim
1404 645 1451 682 et
1479 634 1635 682 Thad-

228 711 356 757 daeus
383 721 523 774 atque
550 709 764 756 Lebbeus
801 709 953 756 dictus
982 721 1067 756 est.
1100 711 1187 756 llic
1221 712 1267 757 in
1301 712 1636 776 Mesopotamia

229 799 276 836 et
303 789 350 834 in
376 786 683 835 interioribus
706 788 845 834 Ponti
870 787 1159 851 praedicavit.
1190 788 1302 835 Inde
1333 790 1474 836 simul
1498 789 1641 838 ambo

229 865 466 913 Persidem
485 866 675 930 ingressi
695 900 708 920 ‚
737 882 845 910 cum
874 865 1172 911 innumeram
1190 866 1343 930 gentis
1361 866 1503 930 ipsius
1516 867 1640 913 mul-

231 943 483 989 titudinem
504 942 693 988 Christo
712 940 1042 998 subdidissent,
1059 952 1106 987 v⁰
1123 942 1214 988 kal.
1238 943 1510 991 novembris
1527 962 1639 990 mar·

231 1019 410 1083 tyrium
432 1026 898 1064 consummaverunt.

295 1097 470 1143 Craton
483 1133 496 1154 ,
514 1095 837 1161 apostolorum
854 1095 1108 1160 discipulus
1123 1132 1135 1153 ,
1160 1114 1266 1162 quae
1289 1115 1374 1161 per
1388 1115 1537 1144 annos
1556 1114 1639 1144 xiii

230 1185 429 1241 egerunt
462 1185 508 1221 et
535 1192 641 1238 quae
676 1174 724 1220 in
755 1173 940 1221 Perside
972 1176 1090 1237 passi
1120 1186 1254 1232 sunt,
1286 1176 1423 1241 longa
1448 1193 1642 1223 enarra-

231 1256 361 1302 tione
381 1254 590 1318 sci·ipsit›‚
613 1264 659 1299 et
680 1253 726 1298 in
751 1251 914 1300 decem
936 1253 1260 1300 voluminibus
1280 1254 1495 1301 universa
1516 1271 1642 1301 com·

230 1332 510 1398 prehendit,
532 1349 637 1397 quae
656 1331 905 1377 Africanus
929 1331 1346 1396 Historiographus
1373 1332 1422 1378 in
1448 1332 1644 1378 latinam

231 1410 440 1475 linguam
459 1408 717 1454 transtulit.
737 1407 908 1454 Abdias
924 1408 1064 1455 etiam
1079 1409 1323 1472 episcopus
1342 1408 1641 1474 Babyloniae,

230 1489 312 1552 qui
347 1487 405 1534 ab
436 1487 543 1552 ipsis
576 1486 819 1534 ordinatus
853 1497 948 1543 est,
984 1504 1202 1533 sermone
1239 1486 1295 1533 de
1333 1487 1423 1534 illis
1457 1487 1644 1552 scripsit

233 1563 481 1620 hebraico,
521 1581 627 1628 quae
665 1563 823 1609 omnia
857 1564 904 1608 in
943 1580 1151 1627 graecum
1187 1563 1407 1609 translata
1441 1573 1553 1609 sunt
1584 1561 1642 1609 ab

231 1641 465 1704 Eutropio
489 1639 695 1703 ejusdem
716 1639 976 1702 discipulo;
1014 1657 1119 1703 quae
1147 1640 1360 1686 universa
1393 1639 1643 1687 nihilomi-

232 1737 320 1764 nus
345 1718 500 1764 latinis
527 1718 831 1781 interpretata
853 1728 965 1762 sunt
988 1715 1046 1761 ab
1072 1716 1294 1764 Africano
1319 1717 1544 1782 (1).Inde
1567 1717 1645 1764 ab·

232 1796 462 1842 breviatio
479 1805 693 1857 excerpta
715 1805 799 1850 est,
821 1805 951 1858 grata
971 1794 1240 1841 volentibus
1256 1796 1374 1843 scire
1391 1813 1498 1861 quae
1513 1797 1643 1860 prin-

231 1875 347 1939 cipia
361 1873 708 1938 praedicationis
720 1890 887 1920 eorum
900 1872 1098 1929 fuerint,
1113 1873 1184 1920 vel
1195 1891 1291 1938 quo
1304 1873 1398 1921 fine
1409 1874 1643 1923 mundum

232 1951 596 2016 dereliquerint,
618 1968 669 1995 ac
694 1950 750 1996 ad
768 1950 974 1997 coelestia
995 1968 1134 2015 regna
1156 1951 1479 2016 migraverint.

298 2030 454 2076 Sancti
481 2030 623 2093 igitur
647 2029 845 2093 apostoli
873 2029 1040 2076 Simon
1060 2039 1106 2076 et
1127 2029 1266 2075 Judas
1288 2047 1371 2094 per
1394 2029 1643 2077 revelatio-

234 2125 342 2153 nem
375 2107 578 2170 Spiritus
611 2106 768 2152 Sancti
805 2105 1040 2153 Persidem
1075 2106 1267 2170 ingressi
1302 2117 1441 2163 sunt,
1483 2104 1642 2172 ibique

233 2185 349 2232 duos
382 2202 563 2249 magos,
599 2185 796 2231 Zaroem
829 2194 876 2230 et
914 2183 1139 2241 Arfaxat,
1173 2184 1255 2249 qui
1291 2202 1316 2230 a
1350 2183 1466 2231 facie
1493 2185 1640 2231 sancti

236 2261 446 2308 Matthaei
473 2262 672 2326 apostoli
701 2261 758 2308 de
787 2260 1027 2324 AEthiopia
1053 2261 1297 2325 fugerant,
1335 2261 1636 2309 invenerunt.

281 2508 332 2551 (ι)
357 2506 456 2540 Tous
475 2505 524 2539 les
547 2505 627 2539 faits
641 2504 797 2550 allegues
815 2506 858 2539 ici
884 2512 963 2539 sont
983 2506 1218 2552 apocryphes.
1236 2505 1296 2541 On
1316 2517 1361 2540 ne
1374 2503 1519 2539 connait
1536 2504 1640 2550 point

236 2568 281 2602 de
298 2565 465 2612 diseiples
488 2565 549 2599 des
563 2566 704 2611 apfflres
721 2565 781 2612 qui
804 2577 838 2598 se
859 2566 975 2599 soient
998 2565 1140 2612 appele-S
1158 2566 1292 2599 Craton
1313 2564 1349 2598 ni
1374 2562 1518 2598 Abdias.
1540 2562 1639 2598 Jules

238 2625 415 2663 Africam,
434 2623 589 2657 ecrivain
609 2635 691 2667 grec
712 2623 761 2656 du
786 2629 838 2656 ΗΠ
858 2623 981 2665 sii-cle,
1003 2624 1058 2657 n'a
1083 2623 1186 2670 point
1202 2634 1245 2655 eu
1266 2621 1390 2655 besoin
1407 2619 1452 2654 de
1476 2619 1637 2654 traduire

237 2697 281 2719 en
299 2683 386 2718 latin
401 2682 451 2716 les
469 2682 575 2716 recits
594 2681 768 2715 attribues
787 2694 829 2715 au
848 2681 928 2715 saux
948 2681 1099 2721 Abdias,
1124 2692 1227 2726 parce
1245 2691 1315 2725 que
1333 2679 1417 2713 c'est
1435 2677 1524 2713 dans
1545 2685 1639 2714 cette

238 2743 368 2785 langue
386 2739 491 2787 qu'iis
509 2747 568 2773 ont
592 2742 647 2773 {rte
667 2740 772 2772 (10:41⁵
791 2739 852 2772 ‹lias-
871 2739 1049 2784 l'originv.
