1738 3043
657 191 810 230 LIBER
843 190 1050 229 PRJML'S.
1514 195 1556 230 21

147 273 470 322 monumentis
499 272 667 335 egressi
693 281 826 327 sunt,
860 281 906 316 et
927 279 1234 317 occurrentes
1266 271 1304 315 ei
1334 270 1563 318 exclama-

146 362 320 400 verunt
353 372 363 396 :
410 350 547 415 Quid
578 349 716 396 nobis
746 360 789 394 et
825 348 934 407 tibi,
969 348 1184 413 Jesuflli
1211 347 1345 395 Dei?
1372 349 1566 396 Venisti

147 431 240 478 huc
271 441 381 477 ante
415 441 597 495 tempus
633 439 848 492 torquere
881 425 1006 474 nos?
1044 426 1103 473 Si
1129 428 1266 492 ejicis
1297 446 1407 487 nos,
1436 430 1567 475 mitte

146 527 232 557 nos
272 510 322 555 in
353 524 549 572 gregem
576 523 856 574 porcorum.
892 505 958 552 Et
994 505 1060 550 ait
1100 505 1190 552 illis
1231 527 1240 551 ε
1283 507 1374 553 Ite.
1407 506 1471 553 At
1496 507 1564 554 illi

143 603 313 650 porcos
345 585 621 631 invaserunt
647 593 896 648 totumque
920 600 1112 647 gregem
1139 583 1185 628 in
1213 583 1362 629 salum
1389 586 1564 648 praeci-

141 665 431 729 pitaverunt.
477 663 553 709 Sic
589 680 612 708 a
647 662 833 727 legione
869 661 1148 708 daemonum
1190 661 1246 707 ad
1284 662 1380 710 duo
1414 664 1566 710 millia

138 758 395 806 porcorum
417 758 531 806 grex
550 739 872 804 praecipitatus
897 749 990 797 est,
1012 749 1060 786 et
1079 739 1127 785 in
1147 739 1267 785 mari
1287 740 1558 787 suffocatus.

136 821 349 868 Pastores
374 830 533 866 autem
555 819 811 884 fugerunt,
840 828 887 865 et
911 818 1155 865 venientes
1183 817 1232 864 in
1256 816 1428 865 urbem
1452 835 1564 866 om-

135 898 212 945 nia
249 898 610 945 nuntiaverunt.
647 895 935 944 Hominibus
963 897 1121 962 itaque
1155 897 1353 954 sanatis,
1386 899 1566 963 porcis—

136 993 229 1041 que
247 977 576 1041 praecipitatis,
599 975 823 1024 Geraseni
843 975 900 1024 de
920 976 1007 1024 ista
1026 976 1217 1024 civitate
1241 976 1384 1023 nimis
1405 977 1563 1025 territi

136 1055 356 1102 exierunt
366 1074 380 1112 3
419 1055 803 1120 Domhmumque,
838 1064 892 1100 ut
927 1072 952 1100 a
990 1053 1168 1100 finibus
1203 1072 1371 1101 eorum
1406 1065 1566 1103 trans-

139 1133 229 1180 iret
246 1170 259 1191 ,
287 1134 419 1180 stulti
444 1143 733 1199 rogaverunt
754 1134 847 1198 (1).
876 1132 1047 1180 Gerasa
1073 1143 1143 1180 est
1169 1131 1284 1179 urbs
1311 1133 1359 1179 in
1385 1132 1563 1180 Arabia

141 1218 270 1258 trans
303 1213 583 1270 Jordanem,
613 1214 779 1276 juncta
806 1213 961 1259 monti
992 1211 1190 1269 Galaad;
1227 1230 1370 1278 quam
1405 1214 1565 1261 tenuit

140 1288 292 1335 tribus
322 1291 560 1347 Manasse,
594 1307 695 1337 non
721 1290 861 1354 longe
892 1307 915 1335 a
948 1300 1116 1354 stagno
1148 1288 1442 1346 Tiberiadis,
1479 1289 1563 1336 ubi

137 1383 239 1414 sues
266 1366 464 1414 demersi
500 1377 628 1415 sunt.
659 1367 777 1428 Quae
811 1368 1156 1431 interpretatur
1182 1388 1190 1412 :
1221 1367 1442 1414 colonum
1469 1369 1565 1434 eji-

136 1445 284 1502 ciens,
303 1445 377 1492 vel
397 1445 585 1493 advena
605 1447 1009 1511 appropinquans
1022 1467 1039 1501 ,-
1055 1445 1254 1510 gentiles
1269 1445 1559 1510 significans,

132 1521 188 1568 ad
211 1539 331 1588 (suos
351 1521 596 1570 salvandos
615 1523 761 1569 Filius
781 1523 866 1570 Dei
885 1523 1102 1579 accessit,
1125 1522 1240 1568 dum
1264 1540 1454 1571 carnem
1477 1522 1562 1570 hu-

131 1618 321 1648 manam
343 1602 606 1666 assumpsit.
635 1603 745 1648 Duo
761 1638 773 1658 ‚
806 1619 925 1667 quos
957 1602 1082 1667 legio
1106 1601 1386 1649 daemonum
1407 1603 1561 1668 possi-

131 1679 288 1738 debat,
311 1680 430 1728 duos
443 1680 652 1746 figurant
666 1680 890 1746 populos,
907 1680 1188 1728 Judaeorum
1204 1692 1251 1728 et
1262 1679 1529 1728 Gentilium
1543 1701 1556 1739 ;

131 1756 303 1822 quibus
317 1757 655 1806 dominabatur
668 1759 950 1806 universitas
966 1759 1195 1806 vitiorum
1206 1796 1215 1805 .
1233 1760 1286 1806 In
1300 1760 1561 1824 sepulchris

132 1836 437 1895 habitabant,
479 1839 589 1904 quia
623 1839 828 1901 mortuis
857 1837 1108 1902 operibus,
1153 1837 1199 1884 id
1223 1849 1292 1885 est
1328 1840 1558 1903 peccatis,

133 1913 418 1960 serviebant.
436 1914 668 1961 'Sathanae
700 1914 916 1962 debilitas
942 1915 990 1960 in
1022 1914 1113 1961 hoc
1136 1915 1384 1962 manifeste
1404 1927 1560 1980 pates-

135 1991 199 2037 cit
215 2027 228 2048 ,
255 1990 383 2056 quod
410 2010 498 2040 nec
519 1993 675 2056 porcis
695 1993 795 2039 sine
817 1993 1051 2056 permissu
1070 1992 1154 2040 Dei
1178 2010 1352 2040 nocere
1375 1996 1553 2058 potuit.

134 2067 255 2114 Nota
281 2067 436 2134 quod,
462 2068 576 2115 dum
600 2069 922 2134 praedestinati
948 2069 1005 2115 ad
1029 2069 1175 2115 vitam
1208 2069 1265 2116 ad
1293 2069 1557 2118 Dominum

132 2157 502 2204 convertuntur,
525 2158 572 2194 et
586 2165 692 2194 sana
710 2148 897 2194 ratione
915 2157 1101 2194 utentes
1120 2148 1379 2206 salvantur,
1398 2151 1555 2214 spurci

132 2225 397 2291 tumidique
433 2225 674 2284 idolatrae,
713 2237 761 2274 et
795 2244 960 2274 omnes
995 2225 1189 2290 reprobi
1223 2227 1449 2292 nequitiis
1482 2229 1554 2276 in-

131 2303 390 2362 haerentes,
416 2306 498 2370 qui
518 2322 603 2370 per
620 2321 792 2370 porcos
811 2302 1219 2370 designantur‚'in
1238 2314 1405 2370 stagno
1427 2306 1555 2354 lutu-

126 2383 370 2431 lentorum
395 2395 588 2431 actuum
610 2383 826 2433 sorditati
853 2383 1253 2431 condemnantur.

130 2588 307 2624 habenles
326 2589 527 2635 daemonia,
551 2591 596 2626 de
611 2595 856 2627 monumentis
870 2600 1066 2637 streames,
1087 2595 1305 2637 soevim'mc's,
1327 2597 1378 2630 ila
1397 2602 1435 2630 u!
1449 2610 1553 2631 nemo

127 2656 249 2691 posset
264 2654 420 2686 transire
438 2665 505 2697 per
520 2654 622 2687 viam
641 2653 802 2687 illam....

175 2710 224 2753 (ι)
249 2711 378 2746 Matth.
398 2724 459 2746 vm
474 2740 482 2755 ,
504 2711 756 2755 28-5431213113.
777 2726 808 2757 ν,
832 2726 934 2762 1-17;
955 2715 1040 2749 Luc.
1062 2725 1144 2757 vin,
1168 2712 1290 2761 26-37.
