1738 3043
215 232 293 269 318
578 227 824 268 HISTORIA
855 227 1261 270 ECCLESIASTICA.

215 308 462 356 metallum
474 306 711 353 simulacri
728 308 1101 366 comminueret,
1122 310 1280 356 statim
1296 308 1478 358 idolum
1492 309 1639 377 lique-

217 387 397 433 factum
417 395 486 432 est
509 385 640 450 quasi
662 403 764 433 cera
784 387 917 450 juxta
940 387 1094 451 ignem
1116 388 1268 451 posita
1288 398 1335 435 et
1354 387 1636 436 resolutum.

219 466 394 513 Omnes
433 480 546 511 vero
583 464 845 512 sacerdotes
888 464 1164 511 levaverunt
1204 466 1460 531 mugitum.
1503 467 1644 517 Tunc

221 542 439 607 pontifex
462 541 623 605 templi
645 541 913 606 apostolum
937 541 1335 590 transverberavit
1351 543 1524 608 gladio.
1544 544 1646 591 Rex

223 632 381 668 autem
406 621 530 685 fugit
553 638 661 667 cum
686 621 885 668 Carisio.
913 621 1082 686 Magna
1109 622 1267 687 itaque
1297 621 1420 669 facta
1451 631 1522 670 est
1550 621 1648 669 dis·-

225 701 405 756 sentio,
425 700 535 765 quia
560 701 712 762 major
730 718 835 763 pars
860 699 1025 763 populi
1052 700 1283 747 clamabat
1300 717 1392 765 pro
1411 699 1646 765 apostolo,

228 780 291 825 ita
316 789 370 824 ut
401 794 650 842 percussor
674 779 771 840 ejus
793 787 1116 841 quaereretur,
1146 789 1380 843 quatenus
1406 778 1541 824 vivus
1574 777 1652 823 in-

229 855 528 903 cenderetur.
573 855 758 919 Corpus
799 870 914 900 vero
952 854 1153 918 apostoli
1198 872 1307 901 cum
1348 853 1565 901 laudibus
1604 864 1652 901 et

231 933 423 999 hymnis
448 934 497 978 in
523 932 764 978 eeclesiam
785 929 1049 978 honorifice
1070 932 1446 989 transtulerunt,
1474 943 1522 980 et
1545 949 1654 996 pre-

234 1011 363 1058 tiosis
393 1008 685 1056 aromatibus
711 1008 1025 1065 condierunt;
1063 1007 1226 1074 ibique
1255 1026 1423 1074 magna
1453 1008 1583 1076 signa
1607 1018 1656 1056 et

231 1089 445 1155 prodigia
479 1088 600 1134 saeta
633 1099 761 1134 sunt.
791 1087 913 1134 Nam
944 1086 1225 1135 daemoniosi
1250 1086 1579 1135 liberabantur
1609 1097 1658 1135 et

234 1186 399 1216 omnes
424 1166 730 1232 aegritudines
755 1165 1050 1212 curabantur
1066 1166 1156 1230 (1).

300 1248 412 1294 Post
438 1246 639 1310 longum
664 1254 850 1308 tempus
869 1244 976 1308 Syri
998 1241 1057 1288 ab
1076 1243 1348 1292 Alexandro
1373 1244 1660 1308 imperatore

236 1343 465 1381 romano,
493 1325 574 1389 qui
611 1324 768 1370 victor
795 1323 853 1370 de
882 1321 1052 1387 praelio
1083 1321 1283 1369 Persidis
1315 1340 1340 1370 e
1371 1322 1523 1370 Xerse
1551 1338 1661 1387 rege

238 1404 426 1451 devicto
454 1399 699 1456 veniebat,
729 1399 1046 1464 supplicantes
1068 1399 1445 1463 impetraverunt
1471 1408 1527 1445 ut
1549 1397 1663 1444 mit-

240 1492 364 1529 teret
395 1479 452 1526 ad
484 1479 673 1542 regulos
698 1477 955 1533 Indorum,
990 1487 1045 1522 ut
1075 1475 1257 1523 civibus
1288 1475 1544 1524 redderent
1576 1473 1663 1522 de·-

240 1559 480 1606 functum.
509 1557 694 1619 Corpus
724 1556 869 1618 igitur
891 1554 1091 1618 apostoli
1127 1553 1184 1600 de
1219 1553 1350 1600 India
1382 1554 1662 1602 translatum

241 1647 310 1684 est
324 1671 336 1692 ,
361 1646 409 1682 et
435 1636 482 1681 in
503 1635 669 1680 Edessa
689 1633 878 1679 civitate
905 1633 953 1678 in
973 1632 1145 1680 locello
1169 1644 1395 1697 argenteo
1414 1650 1470 1680 ex
1488 1632 1664 1679 catenis

242 1713 474 1779 argenteis
505 1711 743 1775 pendente
768 1711 978 1775 positum
1013 1721 1099 1757 est.
1129 1709 1199 1757 lbi
1232 1711 1391 1757 nullus
1424 1710 1664 1759 idolorum

243 1793 428 1849 cultor,
471 1790 629 1837 nullus
671 1789 920 1837 haereticus
961 1798 1116 1852 potest
1152 1788 1340 1848 vivere,
1380 1788 1668 1836 nullueru-

242 1872 370 1917 ilaeus
393 1871 482 1933 (2).

294 2098 342 2142 (ι)
368 2096 436 2131 Ces
460 2101 556 2129 actes
578 2093 623 2127 de
644 2094 737 2127 saint
761 2092 924 2127 Thomas
943 2093 1046 2127 n'ont
1067 2093 1172 2140 point
1194 2094 1252 2127 ete
1275 2092 1489 2139 empruntes
1512 2090 1670 2127 directe-

248 2162 350 2189 ment
370 2167 413 2188 au
436 2154 519 2188 saux
537 2152 674 2189 Abdias
687 2180 695 2195 ,
719 2152 808 2186 mais
827 2154 845 2185 a
863 2151 1022 2199 quelque
1042 2159 1144 2187 autre
1167 2151 1377 2199 legendaire
1398 2149 1672 2186 intermediaire

249 2217 310 2262 qni
336 2228 379 2249 en
407 2215 500 2249 avait
520 2213 667 2248 modisw
688 2213 869 2259 plusieurs
894 2212 1027 2259 parties
1053 2220 1088 2246 et
1113 2213 1270 2259 tronque
1295 2211 1328 2246 la
1351 2210 1412 2246 fin.
1437 2210 1539 2246 Nous
1564 2221 1673 2246 avons

251 2287 313 2309 crn
331 2274 460 2309 inutile
474 2274 519 2307 de
534 2273 671 2307 relever
684 2285 728 2306 en
743 2271 853 2306 de'tail
870 2283 927 2305 ces
941 2271 1119 2305 variantes
1135 2277 1239 2306 entre
1254 2270 1348 2305 deux
1368 2271 1477 2305 recits
1495 2269 1588 2305 aussi
1601 2282 1673 2317 peu

251 2335 380 2377 «lignes
395 2334 611 2367 d'attention
633 2332 706 2366 l'un
727 2344 798 2379 que
815 2331 955 2365 l'autre.
976 2332 1022 2365 La
1038 2331 1214 2366 tradition
1230 2331 1275 2366 de
1292 2324 1455 2378 l’Eglise,
1471 2333 1491 2366 a
1506 2331 1673 2378 l'epoque

249 2394 470 2440 ‹soi-igme,
490 2394 578 2426 erait
600 2404 671 2439 qne
691 2392 785 2425 saint
804 2391 966 2425 Thomas
981 2392 1073 2425 avait
1094 2393 1197 2438 porte
1212 2391 1244 2426 la
1258 2392 1307 2426 soi
1329 2391 1416 2426 chez
1433 2390 1484 2426 les
1499 2389 1670 2432 Parthos,

249 2460 284 2486 vt
304 2451 486 2498 [mni-mre
506 2450 594 2483 ‹lans
614 2449 644 2483 la
672 2450 788 2495 partie
813 2449 858 2483 (le
885 2449 1000 2483 l'lnde
1019 2451 1081 2497 qni
1103 2464 1146 2484 en
1166 2457 1220 2485 est
1244 2450 1391 2485 misine.
1415 2448 1476 2484 On
1503 2447 1585 2482 n'en
1605 2447 1673 2481 sait

250 2522 381 2545 encore
408 2510 485 2543 rien
511 2516 614 2542 auti-e
635 2508 762 2551 chose,
791 2508 930 2553 malgri':
950 2508 982 2542 la
1007 2510 1217 2555 pretention
1241 2507 1304 2542 des
1327 2507 1520 2553 Portugais
1537 2505 1674 2540 d'avoir

253 2570 418 2603 retrouve
439 2567 500 2602 des
527 2574 640 2600 traces
667 2574 702 2600 et
729 2566 791 2601 des
818 2574 1052 2601 monuments
1079 2566 1123 2601 de
1150 2579 1213 2601 son
1239 2566 1358 2612 sejour
1382 2576 1442 2598 sur
1467 2563 1498 2598 la
1523 2563 1603 2613 cote
1628 2562 1674 2598 de

253 2626 506 2665 (Loromandel.

299 2691 348 2733 (2)
375 2687 488 2722 Notre
516 2692 646 2719 auteur
677 2692 759 2717 vent
791 2685 910 2731 parler
937 2684 984 2719 de
1013 2683 1247 2731 l'expedition
1276 2680 1517 2717 d'Alexandre
1545 2681 1674 2717 Severe

255 2754 381 2781 contre
401 2746 450 2780 les
467 2745 620 2779 Parthes
636 2751 671 2779 et
685 2743 765 2778 leui·
782 2745 835 2778 roi
857 2745 1090 2787 Artaxerxes,
1113 2742 1306 2778 fondateur
1321 2741 1366 2777 de
1384 2741 1415 2776 la
1433 2741 1598 2787 dynastie
1612 2739 1674 2775 des
