1738 3043
620 187 775 227 LIBER
802 187 1082 226 SECUNDUS.
1484 188 1561 228 427

207 265 489 315 Benedictus
507 284 622 331 papa
645 268 692 313 in
714 266 875 313 multis
895 266 1139 315 laboribus
1158 277 1206 314 et
1227 266 1560 314 afflictionibus

141 343 362 408 fatigatus
400 343 548 400 obiit,
593 355 639 391 ct
674 345 723 390 in
764 343 951 390 basilica
991 346 1150 391 Sancti
1189 344 1315 391 Petri
1358 344 1560 409 apostoli

145 433 202 468 11⁰
234 422 325 469 kal.
351 423 536 488 augusti
562 422 772 486 sepultus
792 433 876 469 cst.
907 424 994 469 Hic
1020 424 1264 488 episcopos
1288 441 1365 469 xxi
1391 440 1562 470 conse-

142 499 318 556 oravit,
338 510 385 546 et
409 500 601 546 cessavit
619 499 912 563 episcopatus
937 500 1176 548 mensibus
1198 519 1249 547 111
1273 501 1436 547 dicbus
1455 518 1501 548 x.

204 578 417 644 Pelagius
441 580 710 635 Romanus,
737 578 794 625 de
818 589 950 643 patre
981 580 1288 644 Vuinigildo,
1323 581 1443 627 sedit
1470 598 1562 627 an-

138 657 212 704 nis
230 675 259 703 x
279 655 520 705 mensibus
538 675 573 703 11
591 654 756 703 diebus
774 675 821 703 x.
843 657 931 703 Hic
949 656 1346 722 absquejussione
1362 659 1561 723 Augusti

138 733 384 782 ordinatus
403 745 496 791 est,
517 751 573 782 eo
587 734 716 800 quod
730 734 1027 801 Langobardi
1044 737 1245 783 Romam
1260 735 1560 798 obsiderent,

139 812 418 878 Italiamque
443 813 585 859 nimis
618 812 931 861 devastarent.
966 815 1104 861 Tunc
1137 815 1299 863 nimiae
1332 815 1481 863 clades
1514 827 1563 863 et

137 891 312 956 pluviae
342 891 557 939 suerunt.
584 893 854 958 Inguinaria
884 894 1026 958 pestis
1056 911 1226 959 papam
1258 893 1419 942 subito
1447 912 1562 960 per—

138 986 326 1016 cussum
351 975 442 1016 V11⁰
468 969 570 1017 idus
595 969 822 1018 februarii
853 971 1080 1028 extinxit,
1111 972 1193 1038 qui
1219 971 1342 1036 apud
1369 971 1562 1019 beatum

136 1050 330 1094 Petrum
360 1048 570 1113 sepultus
601 1058 687 1096 est.
725 1048 813 1095 Hic
843 1049 1088 1113 episcopos
1123 1067 1210 1114 per
1241 1049 1421 1097 diversa
1456 1050 1560 1097 loca

137 1142 292 1173 xnvlu
325 1125 566 1174 ordinavit
581 1162 595 1185 ,
623 1138 671 1174 et
698 1128 892 1175 cessavit
914 1128 1211 1193 episcopatus
1241 1128 1483 1176 mensibus
1508 1145 1559 1175 v1

136 1201 303 1251 diebus
325 1221 418 1250 xxv
438 1206 526 1266 (1).

202 1282 461 1347 Gregorius
508 1283 750 1330 Romanus
794 1293 894 1331 arte
933 1282 1243 1349 philosophus
1263 1320 1276 1341 ,
1327 1283 1558 1331 Gordiani

135 1362 357 1426 praetoris
375 1362 465 1408 viri
489 1361 732 1408 clarissimi
753 1374 799 1409 et
828 1360 977 1410 beatae
1002 1363 1160 1410 Silviae
1186 1362 1334 1420 filius,
1362 1362 1559 1427 praefuit

134 1439 272 1486 annis
304 1455 391 1486 xm
417 1439 659 1487 mensibus
689 1457 739 1488 vl
771 1439 936 1487 diebus
960 1460 1017 1498 x,
1049 1440 1342 1505 temporibus
1374 1439 1558 1487 Tiberii

134 1517 463 1575 Constantini,
498 1519 712 1565 Mauricii
744 1529 790 1567 et
814 1521 950 1567 Focae
981 1506 1323 1584 Augustorum.
1362 1519 1449 1564 Hic
1477 1536 1559 1565 ex-

133 1597 295 1662 posuit
318 1596 542 1645 homelias
566 1598 935 1664 Evangeliorum
957 1616 1161 1646 numero
1186 1615 1271 1657 XL,
1296 1596 1388 1645 Job
1404 1633 1416 1654 ,
1444 1599 1558 1644 Eze-

136 1673 335 1721 chielem
350 1710 362 1731 ,
385 1676 764 1740 pastoralemque
785 1676 932 1722 edidit
955 1675 1133 1723 librum
1153 1686 1199 1722 et
1221 1675 1487 1739 dialogum,
1511 1683 1559 1721 et

135 1752 285 1798 multa
303 1752 390 1798 alia
409 1770 516 1817 quae
534 1771 811 1801 enumerare
828 1772 927 1801 non
946 1771 1212 1818 possumus.
1232 1754 1413 1800 Doctor
1429 1754 1559 1800 enim

137 1828 524 1893 incomparabilis
542 1830 738 1886 enituit,
759 1840 806 1877 et
821 1830 967 1876 multa
990 1831 1257 1894 sagacitate,
1282 1830 1560 1895 ingentique

137 1907 296 1955 studio
328 1907 513 1955 (licendi
546 1919 593 1955 et
621 1907 858 1955 scribendi
889 1908 1070 1955 utiliter
1101 1907 1358 1966 laboravit,
1391 1908 1560 1956 Eccle—

138 1986 315 2051 siaeque
334 1986 417 2033 Dei
439 1985 546 2032 filiis
564 1985 820 2032 admodum
841 1985 1042 2050 profuit.
1061 1987 1149 2032 Hic
1171 1987 1493 2051 augmentavit
1510 1987 1559 2033 in

136 2065 411 2129 precatione
435 2064 628 2110 canonis
653 2084 662 2109 :
686 2064 900 2128 Diesque
921 2075 1106 2111 nostros
1126 2066 1175 2111 ιή
1200 2075 1283 2110 tua
1303 2082 1427 2129 pace
1451 2064 1557 2111 dis-

129 2161 320 2210 ponas,
357 2154 444 2190 etc.
486 2143 727 2190 Romanus
758 2144 983 2208 patricius
1016 2154 1063 2191 et
1093 2142 1318 2191 exarchus
1357 2144 1559 2190 Romam

137 2222 296 2279 venit,
335 2232 383 2269 et
417 2220 830 2287 perturbationem
864 2240 1084 2289 magnam
1116 2223 1343 2271 Romanis
1378 2221 1559 2269 civibus

139 2466 250 2502 retira
269 2467 358 2501 trois
375 2478 438 2501 ans
451 2467 555 2513 apres
573 2479 619 2500 au
635 2473 736 2501 mont
754 2467 900 2510 Cassia,
921 2474 958 2502 et
975 2480 997 2514 y
1014 2474 1164 2502 mourut
1176 2466 1210 2502 le
1228 2479 1267 2502 ‘21
1289 2479 1383 2502 mars
1396 2465 1477 2509 543.
1494 2466 1555 2501 On

139 2527 207 2561 sait
227 2539 299 2575 que
325 2527 418 2561 saint
444 2526 626 2573 Gregoire
650 2539 669 2561 a
693 2527 784 2561 ecrit
804 2539 839 2561 sa
866 2527 921 2561 vic
945 2526 1033 2561 dans
1057 2526 1108 2562 les
1132 2527 1318 2575 dialogucs
1343 2526 1432 2561 dont
1456 2525 1555 2572 parle

139 2594 245 2623 notre
265 2594 406 2623 auteur.

185 2647 236 2690 (ι)
259 2645 323 2692 (30
340 2646 535 2683 novembre
553 2645 664 2694 Sys-8
682 2646 814 2681 scvricr
830 2644 929 2693 590.)
945 2646 996 2681 Ce
1013 2658 1104 2693 pape
1123 2653 1272 2682 mourut
1289 2659 1333 2681 cn
1348 2645 1427 2681 effen
1443 2643 1552 2679 d‘unc

142 2714 240 2752 peste
259 2709 320 2755 qui
344 2722 490 2754 ravagea
512 2709 626 2743 llomc
645 2721 686 2742 au
708 2714 1017 2743 commencement
1038 2707 1083 2743 de
1100 2706 1179 2754 59⁰-
