1738 3043
628 242 783 281 LIBER
814 242 1025 282 PRIMUS.
1471 249 1548 286 125

118 322 366 372 montibus
380 359 393 380 ,
421 323 657 389 speluncis
676 339 729 368 ac
754 322 949 370 saltibus
976 325 1171 371 strenue
1187 325 1518 391 repugnabant
1535 367 1545 384 ‚

117 420 170 448 ac
186 412 361 466 strages
381 400 600 449 hostibus
618 399 807 447 dabant.
829 402 1159 449 Revertuntur
1180 403 1307 450 Scoti
1328 404 1546 463 domum,

116 489 227 542 post
251 496 350 526 non
385 478 594 524 multum
627 488 813 542 tempus
844 479 1099 525 reversuri.
1133 480 1253 525 Picti
1288 491 1549 530 extremam

119 557 286 604 insulae
318 566 502 621 partem
528 566 630 603 tum
656 557 869 621 primum
904 567 951 604 et
981 556 1202 622 deinceps
1236 559 1549 609 inhabitaturi

116 634 352 682 detinent.
381 635 571 682 Famem
596 634 845 698 praefatam
869 653 1038 700 magna
1059 635 1254 702 frugum
1274 639 1545 702 opulentia,

117 712 414 777 opulentiam
443 712 629 758 luxuria
653 724 700 760 et
731 713 1049 779 negligentia,
1077 715 1416 780 negligentiam
1451 718 1550 766 lues

115 791 370 848 acerrima,
412 801 459 838 et
495 791 653 838 acrior
692 809 806 839 mox
841 792 1056 839 hostium
1091 810 1361 851 novorum,
1403 795 1448 841 id
1481 807 1550 843 est

116 867 404 933 Anglorum,
430 869 564 934 plaga
584 880 742 916 secuta
755 879 840 917 est.
865 870 996 932 Quos
1018 870 1087 916 illi
1107 871 1325 917 unanimi
1347 873 1548 922 consilio

116 965 226 994 cum
248 965 357 1014 rege
382 966 467 996 suo
492 949 814 1015 VVortigerno
840 950 972 1014 quasi
1004 949 1277 998 defensores
1299 952 1466 1015 patriae
1491 953 1547 999 ad

115 1043 163 1074 se
188 1026 461 1074 invitandos
484 1027 762 1092 elegerunt3
797 1027 876 1075 sed
902 1038 1125 1093 exceptos
1154 1046 1270 1076 mox
1293 1029 1548 1096 impugna—

118 1114 244 1152 tores
266 1115 410 1170 atque
439 1116 788 1172 expugnatores
812 1118 1081 1154 senserunt.

181 1183 342 1229 Sixtus
360 1184 529 1231 Romae
543 1183 790 1248 episcopus
806 1183 921 1231 fecit
935 1184 1178 1232 basilicam
1194 1196 1369 1233 sanctae
1384 1187 1548 1234 Mariae

115 1261 280 1308 matris
295 1262 516 1319 Domini,
538 1279 646 1327 quae
662 1260 721 1308 ab
741 1263 950 1327 antiquis
970 1261 1148 1311 Liberii
1171 1264 1547 1329 cognominaba-

119 1350 214 1386 tur.
245 1339 463 1387 Eudoxia
497 1358 620 1388 uxor
659 1339 916 1388 Theodosii
942 1341 1177 1407 principis
1207 1340 1266 1388 ab
1298 1343 1546 1409 Jerosoly—

114 1419 204 1466 mis
235 1419 489 1476 remeavit,
518 1429 566 1467 et
588 1418 847 1467 beatissimi
883 1419 1112 1485 Stephani
1141 1421 1287 1485 primi
1321 1422 1548 1487 martyris

115 1496 364 1563 reliquias,
392 1515 501 1563 quae
527 1498 578 1544 in
598 1496 788 1544 basilica
814 1498 964 1545 sancti
992 1498 1236 1545 Laurentii
1262 1499 1432 1563 positae
1462 1517 1549 1548 ve-

115 1586 350 1624 nerantur
371 1612 385 1634 ‚
432 1593 593 1624 secum
636 1575 827 1624 detulit.
872 1575 1016 1624 Bleda
1061 1586 1108 1624 et
1148 1576 1297 1623 Attila
1338 1576 1508 1626 fratres
1529 1615 1542 1637 ‚

113 1654 376 1702 multarum
392 1655 611 1721 gentium
633 1673 766 1721 reges
782 1692 796 1714 ,
825 1656 1075 1722 Illyricum
1096 1655 1447 1723 Thraciamque
1469 1658 1548 1706 de-

115 1731 329 1796 populati
353 1743 466 1779 sunt
485 1733 575 1797 (1).

179 1812 448 1859 Marcianus
483 1822 532 1860 et
554 1812 946 1871 Valentinianus,
978 1813 1116 1860 annis
1155 1830 1242 1861 vn.
1280 1814 1407 1863 Gens
1440 1814 1548 1862 An-

114 1889 305 1954 glorum
320 1924 334 1945 ,
368 1891 465 1937 sive
490 1891 760 1949 Saxonum,
787 1891 1088 1937 Britanniam
1107 1890 1261 1938 tribus
1285 1892 1441 1957 longis
1465 1911 1547 1939 na-

117 2055 197 2090 sion
211 2054 256 2090 de
273 2054 456 2090 Palladius
475 2056 562 2090 chez
581 2055 632 2090 les
651 2056 765 2091 Scots.
782 2056 999 2103 Cependant
1015 2056 1066 2090 lcs
1083 2055 1278 2091 annalistes
1293 2057 1453 2091 romains
1468 2057 1546 2104 pla-

116 2123 199 2150 cent
217 2123 312 2151 cette
329 2117 479 2151 mission
499 2129 545 2151 en
566 2117 644 2159 428.
668 2117 715 2151 La
735 2116 916 2151 demande
934 2116 980 2151 de
1003 2128 1150 2151 secours
1168 2118 1187 2149 a
1209 2117 1338 2151 Aetius
1353 2116 1433 2151 doit
1449 2118 1549 2152 avoir

115 2187 162 2210 eu
182 2175 255 2210 lieu
274 2189 319 2211 en
337 2175 425 2219 446,
445 2178 588 2224 epoqne
603 2178 651 2211 ou
667 2176 690 2210 il
706 2177 819 2211 futen
840 2176 922 2211 ess'et
941 2175 1068 2211 consul
1084 2188 1179 2224 pour
1197 2175 1229 2210 la
1250 2176 1436 2211 troisieme
1456 2177 1523 2212 sois
1536 2206 1544 2219 ,

115 2240 152 2269 et
179 2235 244 2283 qui
272 2235 495 2282 correspond
521 2247 606 2270 avec
637 2235 776 2270 l'anne'e
804 2235 1117 2282 vingt-troisieinc
1146 2234 1192 2269 de
1220 2234 1416 2271 Theodose
1442 2237 1499 2281 II,
1527 2240 1547 2272 a

117 2296 233 2342 partir
251 2295 297 2331 de
312 2295 347 2331 la
365 2303 463 2332 mort
481 2296 719 2332 d'Honorius.
738 2297 788 2333 Ce
805 2297 862 2331 sut
879 2297 1020 2332 l'annee
1037 2297 1201 2331 suis-ante
1219 2309 1291 2344 que
1306 2296 1340 2332 le
1362 2298 1415 2332 roi
1430 2297 1545 2332 VVor-

115 2356 259 2404 tigerne
281 2357 407 2404 appela
431 2360 450 2393 a
474 2371 539 2393 son
557 2357 657 2402 aide,
679 2360 698 2392 a
725 2357 852 2393 desaut
874 2357 938 2393 des
958 2357 1152 2400 Romaim,
1174 2357 1225 2391 les
1243 2356 1543 2404 Anglo-SaxonS,

116 2417 180 2464 qui
198 2417 344 2452 vinrent
361 2431 407 2453 en
432 2421 499 2466 449
511 2447 520 2462 ,
540 2426 578 2454 et
595 2419 812 2454 tournerent
826 2418 970 2454 bientot
991 2418 1089 2453 leurs
1108 2430 1227 2453 armes
1245 2425 1373 2454 contre
1390 2419 1441 2454 les
1459 2420 1546 2455 Bre-

116 2481 199 2510 tons
217 2477 457 2511 eux-menies.

161 2537 212 2582 (1)
237 2536 340 2572 Saint
364 2537 463 2572 Sixto
487 2537 563 2579 111,
593 2549 640 2571 ou
666 2549 760 2584 pour
784 2537 905 2584 parler
930 2537 1011 2584 plus
1034 2544 1280 2580 exactement,
1310 2538 1405 2573 saint
1430 2537 1547 2583 Xystc

118 2594 177 2640 (31
195 2597 319 2643 juillet
337 2596 572 2640 432-18aos1t
588 2599 688 2643 440),
711 2597 843 2633 decora
861 2598 906 2632 dc
925 2601 1130 2645 mosa'i’ques
1143 2598 1207 2645 qui
1222 2598 1380 2632 existent
1397 2610 1542 2636 encore.

118 2662 155 2690 et
174 2656 452 2703 probahlement
471 2659 727 2693 reconstruisit
747 2658 884 2703 l'cglise
908 2658 954 2692 de
975 2658 1442 2705 Saintc-Marie-Majcure,
1464 2658 1545 2692 son-

119 2713 186 2748 dee
204 2728 268 2762 par
286 2717 471 2762 Liberius,
492 2717 567 2752 l'un
592 2717 637 2753 de
656 2731 710 2753 ses
737 2717 1025 2765 predecesseurs.
1048 2718 1078 2753 ll
1098 2719 1202 2767 s’agit
1226 2719 1271 2753 ici
1295 2718 1340 2753 de
1360 2718 1545 2764 l’impern-

122 2774 211 2809 trice
227 2776 409 2821 Eudocie,
438 2786 474 2813 et
497 2792 569 2814 non
596 2791 657 2826 pas
679 2778 725 2813 dr·
749 2791 786 2814 sa
807 2778 876 2814 fille
897 2778 1072 2814 Eudoxie.
1098 2779 1147 2813 Le
1170 2779 1330 2825 premier
1349 2790 1482 2824 voyage
1500 2777 1546 2811 dc
