1738 3043
646 237 803 278 LlBER
834 237 1044 277 PRIMUS.
1511 241 1562 279 97

135 322 392 369 trarchiam
430 317 639 384 perdidit
657 353 671 374 ,
719 316 1000 381 fugiensque
1045 319 1092 363 in
1138 318 1411 383 Hispaniam
1453 337 1563 366 cum

134 396 398 446 Herodiade
446 411 659 443 moerore
700 394 862 458 periit.
909 393 1110 451 Pilatus,
1155 396 1237 460 qui
1276 397 1563 444 sententiam

132 475 453 523 damnationis
499 475 547 520 in
593 470 839 518 Christum
882 471 1093 529 dixerat,
1140 474 1282 519 tantis
1322 475 1564 541 irrogante

132 555 254 604 Gaio
273 553 533 620 angoribus
557 561 823 598 coarctatus
850 561 946 611 est,
984 560 1039 597 ut
1061 569 1140 597 sua
1167 570 1214 599 se
1246 570 1391 600 manu
1427 573 1566 619 pere-

132 634 292 681 merit.
337 631 480 678 Gaius
522 630 568 676 in
607 629 720 676 deos
758 646 805 676 sc
852 627 1064 676 referens
1084 665 1098 686 ,
1142 628 1422 678 Judaeorum
1461 632 1564 681 loca

131 721 289 758 sancta
317 708 558 756 idolorum
584 705 805 753 sordibus
831 706 1121 771 prophanat.

197 787 418 834 Claudius
445 803 596 832 annos
624 801 710 831 xin
746 802 930 832 menses
950 801 1016 831 vn
1042 785 1141 833 (lies
1159 803 1312 833 xxvni
1341 789 1564 854 (1).Ipse

131 879 199 912 1v0
217 865 350 929 regni
373 863 443 909 sui
465 880 620 920 anno,
641 863 754 909 dum
774 862 920 910 fames
941 863 1238 928 gravissima,
1262 866 1394 929 cujus
1418 866 1566 913 Lucas

131 943 179 990 in
211 941 410 990 Actibus
442 941 790 1006 Apostolorum
815 941 1064 997 meminit,
1091 940 1214 988 facta
1241 952 1334 999 est,
1371 943 1567 992 Britan-

129 1022 258 1069 niam
274 1021 434 1069 adiens
461 1021 627 1086 [quam
654 1037 809 1086 neque
832 1030 942 1068 ante
977 1020 1160 1066 Julium
1186 1022 1447 1081 Caesarem,
1476 1042 1566 1072 ne-

128 1118 222 1166 que
253 1111 361 1165 post
384 1117 494 1146 eum
519 1100 772 1164 quisquam
798 1099 1034 1164 attingere
1061 1117 1200 1146 ausus
1227 1099 1434 1166 fuerat]‚
1462 1103 1564 1151 sine

129 1177 230 1225 ullo
248 1177 418 1242 praelio
453 1195 505 1223 ac
537 1177 766 1241 sanguine
793 1179 917 1223 intra
939 1177 1246 1241 paucissimos
1281 1177 1379 1226 dies
1405 1179 1565 1244 pluri-

128 1274 257 1304 mam
289 1256 456 1303 insulae
486 1266 670 1320 partem
715 1256 762 1302 in
797 1254 1093 1302 deditionem
1128 1257 1317 1322 recipit.
1361 1257 1565 1306 Orcadas

128 1336 271 1383 etiam
292 1335 496 1399 imperio
516 1351 719 1382 romano
739 1335 911 1380 insulas
929 1334 1125 1398 adjecit,
1152 1353 1204 1381 ac
1225 1346 1359 1383 sexto
1377 1354 1560 1396 mense,

127 1431 184 1461 ex
203 1430 301 1479 quo
320 1412 565 1478 profectus
584 1423 685 1459 erat
702 1448 715 1470 ,
738 1412 940 1459 Romam
972 1411 1133 1459 rediit.
1164 1412 1310 1461 Nono
1327 1415 1463 1480 regni
1490 1416 1563 1462 sui

127 1509 256 1539 anno
297 1489 487 1537 Judaeos
527 1489 875 1537 tumultuantes
915 1490 1067 1537 Roma
1107 1490 1321 1556 expulit,
1349 1493 1482 1557 quod
1516 1504 1564 1541 et

126 1570 279 1616 Lucas
303 1567 469 1616 refert.
506 1567 735 1633 Sequenti
769 1585 898 1616 anno
936 1566 1086 1615 fames
1122 1569 1328 1616 maxima
1357 1569 1564 1618 Romam

127 1647 348 1712 corripit.
1291 1639 1295 1643 ’

191 1726 326 1774 Nero
345 1742 496 1773 annos
518 1742 604 1773 xm
623 1743 808 1774 menses
833 1743 903 1774 vil
938 1726 1037 1774 dies
1061 1744 1236 1775 xxvni.
1260 1729 1411 1794 Hujus
1428 1747 1560 1778 anno

126 1803 336 1852 secundo
372 1805 538 1852 Festus
584 1803 763 1851 Judaeae
805 1815 1095 1869 procurator
1129 1806 1274 1853 Felici
1316 1808 1558 1855 successit.

128 1883 267 1929 Tunc
294 1882 464 1929 Paulus
489 1884 693 1930 Romam
719 1883 908 1929 vinctus
932 1884 1164 1930 mittitur.
1191 1885 1363 1949 [Festo
1386 1887 1560 1951 magis-

128 1970 279 2006 tratus
299 1961 373 2025 (2)
394 1960 571 2007 Judaeae
592 1961 814 2007 successit
830 1959 1058 2025 Albinus]
1072 1997 1086 2017 ,
1109 1972 1155 2008 et
1170 1961 1350 2010 Albino
1370 1962 1560 2011 Gessius

171 2165 224 2209 (ι)
244 2162 309 2208 (25
333 2163 476 2210 janvier
506 2162 618 2206 41-15
648 2163 799 2198 octobre
825 2162 906 2209 54).
929 2163 1180 2211 L’expedition
1196 2163 1241 2199 de
1261 2164 1401 2201 Claude
1419 2177 1465 2200 en
1480 2167 1560 2201 An-

127 2223 284 2271 gleterre
297 2249 306 2265 ‚
325 2224 374 2258 ou
393 2222 418 2257 il
435 2235 479 2257 ne
500 2230 595 2257 resta
613 2235 685 2271 que
706 2223 798 2258 seize
811 2223 917 2269 jours
930 2251 939 2267 ,
960 2230 1014 2258 est
1038 2223 1084 2258 de
1106 2223 1138 2257 la
1167 2224 1354 2259 troisieme
1378 2227 1495 2261 annee
1512 2226 1559 2262 ‹le

126 2295 191 2318 son
209 2284 332 2331 regne.
354 2282 385 2318 Il
401 2296 423 2330 y
443 2290 508 2318 eut
524 2282 609 2318 bien
627 2284 646 2317 a
664 2281 696 2317 la
714 2283 833 2318 meme
850 2284 994 2331 epoque
1016 2295 1089 2318 une
1110 2280 1249 2319 famine
1270 2286 1289 2318 ἐι
1309 2283 1444 2328 Rome,
1467 2287 1558 2321 mais

125 2344 213 2380 celle
231 2344 323 2379 dont
342 2343 440 2391 par-le
459 2350 566 2379 notre
583 2350 715 2378 auteur
744 2350 781 2378 et
806 2342 898 2378 dont
918 2343 1013 2378 saint
1031 2344 1105 2378 Luc
1128 2343 1192 2379 fait
1211 2345 1377 2380 mention
1396 2344 1487 2380 dans
1507 2346 1558 2380 les

126 2403 240 2438 Actes
258 2403 324 2438 cles
345 2402 506 2449 Apo'lres
524 2403 598 2447 (xi,
621 2402 706 2448 28),
739 2402 950 2450 appartient
978 2404 997 2437 a
1024 2402 1166 2438 l'annee
1192 2403 1368 2439 suivante.
1394 2405 1442 2438 La
1466 2416 1555 2439 con-

125 2463 236 2511 quete
249 2462 312 2498 des
331 2462 495 2498 Orcades
513 2462 614 2496 n'eut
631 2462 736 2508 point
754 2462 827 2497 lieu
847 2474 932 2496 sous
960 2474 1000 2497 ce
1025 2463 1152 2509 prince
1165 2490 1174 2506 ‚
1196 2464 1286 2498 mais
1310 2475 1395 2499 sous
1415 2465 1556 2512 Vespa-

127 2524 215 2559 sien.
244 2522 473 2570 L’expulsion
497 2522 559 2557 des
577 2522 671 2557 Juiss
699 2521 842 2557 d·'1talie
865 2522 973 2562 (Act.
997 2526 1130 2568 Apost.
1163 2535 1271 2567 xvin,
1291 2526 1333 2567 α)
1363 2523 1443 2559 doit
1478 2525 1556 2560 eti-e

127 2583 249 2631 placee
266 2596 312 2618 en
333 2586 377 2631 49
394 2590 430 2617 et
450 2583 481 2617 la
501 2582 692 2617 deuxiiwne
712 2581 845 2616 famine
863 2594 908 2616 en
926 2580 984 2616 51.

176 2643 226 2688 (2)
245 2643 345 2677 ‘Nous
361 2654 516 2690 pensons
530 2640 619 2690 qu’il
636 2641 712 2676 saut
728 2641 793 2675 lire
809 2642 1060 2687 magistratui,
1080 2653 1221 2676 comme
1238 2654 1279 2676 ce
1298 2648 1376 2676 mot
1391 2648 1446 2676 est
1463 2642 1555 2675 eei-it

129 2700 218 2736 dans
236 2701 269 2737 la
289 2702 499 2738 traduction
517 2702 562 2738 de
582 2700 614 2737 la
633 2702 838 2750 chronique
863 2701 1042 2738 ‹l'Eiisebe
1066 2715 1131 2750 par
1159 2703 1254 2737 saint
1277 2702 1441 2745 Jeionic,
1464 2704 1481 2735 ii
1504 2702 1555 2735 la-

128 2761 249 2807 quelle
267 2761 299 2798 le
318 2762 381 2798 fait
401 2769 454 2798 cst
474 2762 734 2798 littei-alement
752 2763 961 2809 einprunte.
983 2761 1084 2797 Nous
1103 2774 1212 2798 avons
1231 2774 1297 2797 cru
1315 2761 1440 2796 devoir
1459 2760 1555 2795 l'iin-

231 2840 260 2866 Ι.
1325 2839 1349 2884 7
