1738 3043
548 233 698 272 Lissfflz
728 232 846 271 sECt
862 233 1008 271 NDUS.
1416 237 1495 275 :269

136 315 284 363 Roma
309 325 450 378 caput
482 314 648 361 mundi
683 325 779 360 tam
806 312 1031 359 sublimes
1066 323 1292 377 patronos
1325 332 1371 361 se
1408 314 1494 361 ha-

71 392 181 440 bere
212 393 464 456 gloriatur,
495 393 551 438 ad
587 408 793 457 quorum
824 390 985 436 limina
1020 390 1077 436 dc
1108 392 1292 438 cunctis
1324 393 1491 440 mundi

69 470 283 535 partibus
304 471 454 518 fidelis
477 470 681 535 populus
701 487 957 534 properare
979 480 1198 527 conatur,
1222 481 1275 516 ut
1299 481 1391 517 tam
1411 489 1495 537 po-

69 547 282 596 tentibus
300 547 535 595 advocatis
553 548 761 612 adjutus,
790 556 957 594 contra
983 564 1148 594 omnes
1172 548 1490 605 adversarios,

68 625 377 692 adversasque
401 635 654 691 potestates
685 624 1011 672 indesinenter
1043 637 1339 690 protegatur.
1369 627 1495 673 Uni-

69 705 189 751 versi
223 715 400 768 praesto
429 704 644 751 sentiunt
675 721 843 751 eorum
867 701 1071 749 subsidia
1089 739 1102 761 ‚
1127 704 1208 769 qui
1238 704 1493 752 devotione

69 799 278 848 congrua
299 793 506 847 poscunt
525 799 692 829 eorum
712 781 956 847 suffragia3
984 791 1242 846 praestante
1263 782 1362 830 Deo
1386 800 1493 846 rege

68 877 282 917 summo,
308 861 389 926 qui
419 860 574 905 trinus
599 870 646 906 et
669 877 792 906 unus
817 859 935 906 vivit
957 870 1004 906 et
1032 869 1200 922 regnat.
1225 877 1310 924 per
1336 860 1495 906 omnia

68 937 353 986 saeculorum
374 937 560 984 saecula.
591 939 766 984 Amen.

134 1016 215 1065 1V.
257 1015 498 1073 Andreas,
527 1015 676 1062 frater
699 1016 909 1062 Simonis
944 1015 1097 1073 Petri,
1125 1015 1385 1062 secundum
1410 1014 1494 1063 he-

67 1093 278 1142 braicam
323 1095 663 1162 etymologiam
713 1096 917 1143 decorus
955 1095 1028 1142 vel
1075 1095 1370 1161 respondens
1416 1095 1495 1142 in·-

69 1183 378 1239 terpretatur.
407 1175 637 1221 Sermone
656 1184 814 1221 autem
838 1190 1022 1239 graeco,
1052 1174 1133 1218 ἀπὸ
1162 1177 1236 1218 τοῦ
1262 1173 1425 1231 ὧνὲρδς,
1448 1173 1491 1219 id

68 1263 138 1299 est
161 1270 194 1299 a
224 1255 358 1310 viro,
386 1253 544 1299 virilis
570 1253 764 1299 dicitur.
795 1253 884 1298 llic
911 1252 958 1298 in
985 1262 1113 1300 sorte
1144 1251 1496 1316 praedicationis

69 1329 315 1396 Scythiam
346 1341 394 1377 et
424 1330 649 1377 Achaiam
673 1330 882 1394 accepit,
912 1331 958 1376 in
989 1347 1080 1395 qua
1106 1330 1274 1386 etiam,
1304 1330 1349 1376 in
1377 1330 1496 1376 civi-

71 1417 164 1455 tate
179 1409 338 1455 Patras
354 1418 408 1454 11⁰
424 1407 731 1456 kalendarum
747 1406 1013 1455 decembris
1029 1408 1077 1454 in
1093 1425 1232 1455 cruce
1247 1425 1496 1472 suspensus

69 1486 314 1534 occubuit.
335 1489 563 1552 Egregius
582 1487 639 1533 de
657 1485 918 1533 virtutibus
940 1489 1037 1551 ejus
1057 1486 1181 1551 apud
1199 1504 1287 1533 nos
1307 1485 1495 1534 libellus

70 1562 290 1622 habetur,
318 1565 366 1610 in
397 1581 496 1629 quo
521 1564 671 1610 multa
693 1575 740 1610 et
763 1565 883 1610 mira
907 1562 964 1611 de
988 1562 1128 1610 beato
1159 1562 1347 1610 Andrea
1372 1564 1496 1610 refe-

68 1653 264 1690 runtur.
292 1643 477 1690 Auctor
498 1643 695 1709 quidem
719 1641 828 1688 libri
866 1643 1085 1707 cognitus
1116 1641 1232 1688 mihi
1269 1659 1366 1689 non
1400 1653 1491 1696 οδω

69 1720 149 1770 sed
177 1722 507 1770 mirandarum
542 1723 712 1770 relatio
745 1739 908 1769 rerum
942 1721 1148 1777 merito,
1180 1730 1235 1767 ut
1264 1719 1492 1777 arbitror,

71 1981 155 2024 fait,
176 1981 240 2016 dt=s
258 1981 397 2016 l'annee
424 1983 465 2023 42
481 2008 489 2023 ‚
516 1979 606 2014 dans
628 1978 660 2013 la
684 1978 782 2012 seule
801 1977 983 2012 intention
1007 1975 1052 2010 de
1075 1975 1278 2010 combam-e
1296 1974 1497 2009 Simon—lv-

72 2041 253 2088 Magicien
265 2069 273 2083 ‚
290 2052 336 2075 ou
352 2040 472 2075 meme
487 2051 580 2086 pour
597 2037 728 2073 sonder
746 2036 883 2083 l'eglisc
900 2035 1080 2079 romainc,
1098 2047 1148 2069 uu
1167 2047 1302 2081 voyage
1320 2037 1338 2069 ii
1358 2035 1475 2069 Rome.
1487 2063 1495 2073 ,

72 2100 158 2136 (l’ou
177 2100 203 2136 il
221 2101 341 2136 aurait
360 2102 417 2134 ete
439 2099 485 2134 de
504 2106 631 2134 retour
654 2100 673 2132 a
696 2096 898 2132 Jerusalem
923 2108 969 2130 au
996 2101 1311 2130 counnenceincnt
1329 2093 1373 2128 de
1392 2096 1448 2136 44.
1470 2094 1498 2128 ll

72 2168 127 2197 est
143 2161 349 2209 egalement
367 2159 514 2195 difficile
529 2158 748 2193 d'admettrc
771 2169 842 2211 quc
862 2157 955 2191 saint
972 2156 1099 2190 Pion-v
1122 2161 1157 2189 et
1182 2154 1275 2189 saint
1294 2153 1382 2187 Paul
1401 2155 1499 2188 aient

72 2220 221 2257 souffert
240 2221 272 2256 lo
291 2227 451 2267 martyre
469 2219 501 2253 lc
522 2219 640 2254 meme
656 2218 744 2264 jour
761 2224 797 2251 et
815 2229 908 2265 pour
928 2216 958 2250 la
980 2215 1098 2250 meme
1117 2226 1240 2257 cause,
1263 2213 1337 2247 l'un
1357 2226 1401 2247 au
1423 2214 1498 2249 'Va-

72 2281 168 2316 tican
181 2309 190 2324 ‚
211 2287 247 2315 et
264 2280 396 2315 l’autrc
412 2292 474 2314 sur
493 2278 526 2313 le
544 2279 693 2313 chemin
713 2276 875 2319 d’Ostic‚
893 2278 912 2311 ἐι
925 2275 1020 2310 deux
1037 2273 1153 2309 milles
1171 2273 1216 2308 de
1235 2273 1268 2307 la
1286 2272 1388 2314 ville;
1404 2274 1497 2307 aussi

73 2352 316 2376 savons-nous
333 2353 398 2389 par
417 2339 609 2374 Prudence
633 2338 742 2386 qu'au
765 2344 814 2371 iv⁰
833 2335 940 2371 sit-cle
959 2335 990 2369 la
1017 2334 1192 2369 tradition
1212 2333 1388 2367 existantc
1406 2334 1424 2366 Ξι
1445 2339 1497 2367 cet

72 2401 185 2449 &gard
203 2402 292 2437 etait
310 2407 412 2436 toute
432 2399 643 2441 differente,
664 2405 700 2433 et
720 2397 831 2445 qu’on
852 2395 1058 2443 supposuit,
1085 2405 1228 2428 comme
1247 2392 1321 2427 cela
1345 2399 1399 2427 est
1419 2392 1500 2438 plus

73 2460 349 2496 vraisemblable
361 2489 369 2503 ,
390 2472 461 2508 que
479 2459 511 2493 la
527 2459 645 2493 nieme
664 2457 798 2505 prairic
817 2457 909 2491 avait
921 2457 978 2491 etc
991 2457 1135 2490 arrosec
1151 2453 1202 2488 du
1220 2465 1308 2500 sang
1326 2452 1390 2487 des
1404 2452 1499 2486 deux

74 2520 230 2569 apotres.
250 2522 319 2557 Cet
335 2519 601 2568 emplacement
615 2535 621 2552 :
640 2518 692 2553 ad
709 2530 827 2565 aquas
844 2517 1006 2556 Salviae,
1024 2521 1078 2549 est
1095 2513 1189 2549 celui
1204 2514 1253 2548 οὐ
1270 2525 1290 2548 a
1307 2514 1365 2548 ete
1382 2512 1501 2547 cleve<-

75 2579 165 2616 dans
182 2581 217 2616 la
236 2582 331 2616 suite
359 2580 497 2628 l'eglisc
523 2579 570 2614 de
596 2579 691 2613 saint
716 2575 1127 2613 Paul-hors-les-Murs.
1148 2573 1308 2616 Tuscus,
1338 2571 1413 2606 l'un
1438 2571 1502 2604 de<

76 2639 170 2674 deux
196 2639 340 2676 consuls
367 2639 537 2688 indique-3
558 2651 622 2686 par
646 2645 752 2672 notre
770 2643 919 2677 auteur,
940 2642 995 2670 est
1013 2646 1064 2668 un
1084 2644 1310 2680 personnage
1329 2631 1498 2677 suppose.

78 2700 202 2743 Quant
218 2702 236 2734 ii
255 2700 298 2735 C.
325 2701 500 2735 Lecanius
519 2700 665 2741 Bassus,
686 2698 708 2732 il
733 2711 752 2732 a
772 2699 829 2731 ete
849 2709 893 2731 cn
912 2695 994 2730 offet
1015 2695 1139 2730 revetu
1157 2693 1202 2728 de
1221 2699 1315 2728 cette
1333 2691 1476 2738 dignito
1491 2718 1498 2726 .

80 2759 166 2793 mais
181 2771 225 2793 en
245 2759 308 2803 64,
326 2761 420 2795 deux
440 2774 503 2795 ans
522 2767 625 2795 avant
649 2760 678 2794 la
699 2758 782 2792 «law
799 2770 870 2805 quc
890 2769 981 2791 nous
1002 2767 1154 2801 croyons
1169 2753 1295 2789 devoir
1312 2751 1474 2797 adopto}-⁴
