1738 3043
598 268 753 309 LIBER
782 270 988 311 PRIMUS.
1432 275 1506 314 145

88 353 321 415 praevenit
337 351 507 397 militia
527 351 808 398 Ravennatis
832 351 990 408 urbis,
1016 354 1376 420 vicinarumque
1399 373 1506 420 par-

86 429 206 475 tium
222 464 233 484 ,
255 429 378 493 jussa
403 428 631 494 principis
655 428 881 486 nefanda,
914 439 961 475 et
984 430 1201 476 eumdem
1230 431 1502 481 Zachariam

88 505 390 552 contumeliis
410 515 456 552 et
476 505 662 568 injuriis
680 504 740 551 ab
761 503 879 552 urbe
905 507 1054 553 Roma
1074 508 1251 571 repulit
1278 509 1369 573 (ι).

154 588 338 646 Quarto
355 599 482 629 anno
499 582 773 639 Justiniani‚
792 583 839 629 in
861 584 1057 630 Francia
1077 585 1304 649 Pippinus
1322 589 1505 652 primus

89 663 242 725 major
271 661 441 709 domus
471 661 614 725 regiae
651 662 868 708 efficitur.
901 662 1089 728 Sergius
1119 682 1236 728 papa
1267 665 1507 714 ordinavit

88 737 406 786 venerabilem
440 739 596 784 virum
623 737 1019 787 Guillebrordum
1049 755 1371 805 cognomento
1406 745 1507 792 Cle-

88 827 299 864 mentem
341 816 623 864 Fresionum
671 817 801 882 genti
848 818 1148 881 episcopum3
1192 819 1274 884 qui
1313 823 1507 869 natione

89 893 315 960 Anglicus
334 893 391 941 de
414 894 657 940 Britannia
682 895 1011 959 peregrinatus
1034 906 1128 952 cst,
1164 908 1210 944 et
1241 898 1366 945 inter
1395 898 1511 946 bar-

89 969 228 1019 baros
247 972 496 1019 innumera
515 971 730 1037 quotidie
748 971 940 1020 diabolo
962 972 1244 1022 detrimenta
1260 1011 1274 1033 ,
1297 986 1344 1022 et
1368 976 1510 1024 chris-

88 1049 229 1097 tianae
264 1049 370 1096 fidei
415 1049 529 1096 facit
552 1060 841 1114 augmenta.
883 1051 1177 1098 ,Iustinianus
1216 1051 1280 1100 ob
1322 1054 1510 1120 culpam

86 1126 298 1192 perfidiae
318 1128 451 1192 regni
471 1128 619 1193 gloria
640 1128 871 1192 privatus,
889 1129 1001 1176 exul
1022 1129 1070 1175 in
1089 1130 1300 1178 Pontum
1311 1134 1507 1191 secedit,

89 1222 293 1270 cumque
311 1205 463 1270 Cyrus
487 1203 628 1252 abbas
654 1205 773 1251 aluit
797 1207 887 1269 (2).

156 1285 250 1331 Leo
277 1284 412 1330 annis
443 1300 516 1330 ιιι.
550 1284 670 1349 Papa
696 1284 882 1350 Sergius
916 1285 962 1331 in
993 1287 1198 1334 sacrario
1226 1286 1350 1335 beati
1381 1290 1509 1337 Petri

88 1363 289 1428 apostoli
327 1380 511 1427 capsam
535 1374 832 1428 argenteam,
872 1381 980 1428 quae
1006 1365 1055 1410 in
1080 1366 1254 1430 angulo
1281 1366 1514 1414 obscuris-

88 1443 208 1489 simo
226 1441 309 1488 diu
321 1443 558 1506 jacuerat,
581 1453 628 1489 et
650 1441 697 1489 in
717 1459 772 1489 eo
797 1459 986 1488 crucem
1011 1442 1204 1491 diversis
1223 1462 1276 1491 ac
1293 1446 1513 1509 pretiosis

88 1518 323 1584 lapidibus
347 1517 652 1575 adornatam,
680 1518 890 1566 Domino
923 1519 1186 1576 revelante,
1213 1522 1410 1585 reperit.
1441 1524 1512 1570 De

88 1613 179 1661 qua
209 1595 369 1642 tractis
401 1604 610 1660 quatuor
640 1594 851 1659 petallis,
879 1593 1053 1660 quibus
1087 1614 1287 1662 gemmae
1316 1598 1510 1646 inclusae

88 1683 223 1720 erant
257 1672 393 1718 mirae
430 1670 797 1737 magnitudinis,
826 1673 1102 1735 portionem
1127 1673 1243 1738 ligni
1278 1675 1510 1724 salutiferi

87 1748 342 1797 dominicae
367 1749 520 1795 crucis
543 1747 743 1795 interius
768 1749 1026 1813 repositam
1053 1750 1275 1814 inspexit.
1303 1751 1421 1812 Quae
1452 1770 1510 1800 ex

89 1838 304 1893 tempore
322 1828 405 1876 illo
425 1827 561 1874 annis
578 1825 803 1874 omnibus
819 1827 867 1873 in
886 1826 1076 1874 basilica
1095 1828 1350 1877 Salvatoris
1361 1866 1375 1888 ,
1398 1849 1509 1896 quae

131 2010 183 2053 (ι)
207 2005 518 2053 (685-septembre
542 2004 639 2053 695).
669 2006 714 2040 La
735 2005 817 2052 paix
841 2018 924 2039 avec
941 2005 975 2040 le
993 2005 1097 2040 calise
1120 2006 1361 2042 Abdolmalek
1384 2013 1438 2043 est
1463 2009 1509 2044 de

84 2067 167 2103 686.
186 2068 237 2102 Ce
253 2066 308 2101 sut
325 2079 369 2100 cn
384 2065 451 2112 692
466 2077 537 2112 que
557 2064 589 2099 lc
605 2077 697 2112 pape
716 2065 865 2111 Sergius
885 2064 1003 2098 refusa
1019 2064 1064 2099 de
1083 2066 1262 2100 souscrire
1277 2066 1328 2101 les
1346 2074 1442 2103 actes
1456 2068 1507 2103 du

87 2127 225 2163 concile
243 2128 279 2161 in
300 2126 409 2160 trullo
433 2125 477 2159 de
496 2124 635 2159 l'annec
656 2123 884 2171 precedente.
906 2125 953 2158 La
973 2125 1123 2159 niission
1149 2124 1194 2160 de
1213 2126 1390 2162 Zacliarie
1415 2140 1508 2175 pour

87 2186 251 2222 l'arreter
275 2192 339 2220 eut
356 2184 429 2219 lieu
446 2196 491 2218 en
507 2183 588 2231 694.
618 2183 810 2231 L'Afrique
836 2195 881 2217 ne
903 2183 957 2218 sut
977 2185 1114 2230 reprise
1133 2197 1195 2219 sur
1213 2185 1263 2220 les
1282 2186 1508 2222 Musutmans

88 2247 197 2294 qu'en
213 2245 300 2294 697,
323 2251 361 2279 et
376 2243 420 2279 its
438 2256 459 2289 y
476 2244 686 2278 matri-rent
705 2243 995 2277 definitivenient
1009 2243 1072 2278 ‹lt-s
1089 2243 1227 2279 l'annee
1242 2246 1418 2282 suivante.

132 2308 183 2353 (2)
208 2308 254 2342 La
270 2305 472 2354 quatrieme
490 2305 604 2339 anne'e
619 2303 664 2338 de
677 2303 861 2338 Justinien
880 2304 916 2338 ΙΙ
932 2303 1154 2351 correspond
1168 2307 1187 2339 ἐι
1204 2306 1409 2352 septembre
1424 2306 1510 2342 688-

87 2366 289 2415 septembre
308 2365 396 2413 6893
418 2376 471 2407 or,
489 2376 528 2398 ce
546 2364 636 2398 n³c¹st
655 2363 758 2410 point
777 2365 796 2397 a
811 2370 904 2398 cette
923 2365 1085 2411 ὁροεμιρ,
1113 2365 1202 2398 mais
1220 2367 1238 2398 a
1264 2364 1403 2400 l’annee
1422 2365 1504 2415 687,

87 2426 175 2475 qu'it
203 2427 279 2461 saut
310 2430 500 2472 rapporter
518 2423 719 2458 l’elevation
748 2422 793 2457 de
820 2422 935 2470 Pepin
963 2422 1158 2458 d’Heristal
1186 2426 1205 2458 ἐι
1232 2423 1263 2458 la
1292 2423 1434 2472 dignite
1459 2425 1504 2461 de

90 2486 202 2520 maire
223 2485 274 2519 du
300 2483 424 2531 palais.
451 2483 520 2518 Sur
539 2482 633 2516 saint
653 2481 898 2524 willibrode,
921 2482 1047 2528 apotre
1071 2482 1116 2516 de
1139 2482 1172 2516 la
1194 2483 1314 2525 Frise,
1345 2491 1441 2519 mort
1460 2498 1505 2519 en

91 2543 178 2593 739,
197 2556 304 2591 voyez
325 2544 375 2579 les
391 2544 489 2578 Acta
510 2542 578 2577 SS.
599 2541 679 2575 ord.
701 2542 738 2575 S.
759 2540 965 2581 Benedicti,
986 2554 1071 2576 ,αι-ο.
1095 2553 1145 2576 ιιι.
1169 2541 1284 2577 botre
1301 2549 1443 2585 auteur,
1460 2556 1505 2579 en

89 2603 230 2650 parlant
245 2615 290 2637 au
306 2604 451 2650 present
465 2600 510 2635 de
526 2612 578 2634 ses
596 2599 780 2642 miracles,
797 2611 814 2632 a
834 2599 936 2646 copie
951 2611 1030 2633 sans
1048 2599 1220 2634 reflexion
1237 2612 1276 2635 ce
1290 2601 1398 2648 qu'en
1413 2603 1506 2636 avait

88 2662 143 2698 dit
161 2663 255 2698 Bede
267 2690 276 2706 ,
299 2663 361 2710 qui
377 2662 464 2697 etait
478 2674 521 2696 en
538 2659 621 2695 effvt
639 2672 703 2694 son
724 2659 1011 2705 contemporain.
1037 2659 1178 2694 L'envoi
1200 2660 1246 2695 de
1265 2661 1449 2695 Justinien
1470 2662 1504 2695 ΙΙ

88 2733 134 2756 en
147 2721 217 2756 exil
233 2722 347 2757 arriva
365 2721 454 2755 dans
466 2720 665 2755 l’automne
683 2718 729 2752 dc
748 2716 879 2765 695.11
899 2718 955 2752 sut
972 2717 1133 2753 recueilli
1148 2718 1238 2754 dans
1252 2718 1285 2753 te
1299 2721 1503 2755 monaster-e

88 2777 136 2813 (le
152 2779 293 2823 Chora,
313 2792 378 2826 par
397 2780 535 2825 Cyrus,
557 2778 620 2825 qui
639 2790 684 2811 en
704 2776 791 2811 etait
809 2775 900 2810 abbe'

192 2857 199 2884 Ι
212 2875 220 2883 .
1257 2856 1269 2882 1
1281 2854 1309 2881 O
