1738 3043
237 218 315 259 23⁴
607 216 851 255 HISTORIA
881 215 1286 255 ECCLESIASTICA.

237 301 404 347 Petrus
435 296 677 361 apostolus
704 297 939 362 jejunium
976 296 1172 355 indixit,
1211 315 1417 363 eumque
1442 302 1659 350 veniente

238 376 314 424 die
337 375 582 424 dominico
607 374 891 440 baptizavit;
925 387 972 423 et
999 377 1048 423 in
1076 375 1236 423 medio
1260 377 1452 442 populi,
1482 395 1540 425 ex
1562 381 1660 444 ejus

239 455 552 502 conversione
576 454 823 501 materiam
847 472 1062 512 sumens,
1093 472 1260 502 omnes
1289 473 1417 502 casus
1447 458 1546 520 ejus
1574 474 1661 504 ex-

238 533 416 597 posuit.
440 533 593 579 Porro
620 531 887 596 hujusmodi
915 532 1125 579 narratio
1148 530 1204 578 ad
1227 531 1592 582 delectationem
1614 543 1663 581 et

241 610 498 657 utilitatem
521 609 684 657 multis
707 610 909 674 placuit,
933 610 1282 676 praefatumque
1304 628 1415 658 cum
1432 629 1512 658 sua
1530 610 1664 659 fami-

239 687 301 733 lia
330 704 492 734 senem
518 686 833 734 Antiochenae
858 685 986 751 plebi
1010 686 1267 733 admodum
1290 686 1659 736 commendavit.

243 766 366 812 Tota
392 782 507 811 vero
542 765 704 811 civitas
739 766 785 811 in
820 765 984 811 divino
1017 765 1150 810 cultu
1184 764 1388 812 feliciter
1416 766 1591 827 crevit,
1616 775 1665 814 et

241 852 399 889 sancta
423 852 574 889 mater
592 842 825 899 Ecclesia,
852 842 1068 906 quotidie
1089 860 1293 890 numero
1317 841 1530 891 fidelium
1549 860 1666 891 cres·

245 931 407 977 cente,
432 921 481 968 in
505 920 699 967 Christo
723 922 831 967 Jesu
855 919 1085 967 exultavit
1112 921 1203 984 (1).

310 997 480 1044 Beatus
516 997 673 1061 itaque
708 997 874 1044 Petrus
907 996 1148 1059 apostolus
1179 997 1392 1061 primum
1427 998 1564 1045 annis
1598 1015 1667 1048 vu

245 1076 290 1122 in
322 1074 578 1123 Antiochia
611 1074 754 1130 sedit,
793 1085 841 1122 et
866 1075 1048 1131 Ponto,
1081 1073 1304 1134 Galatiae,
1330 1075 1667 1140 Cappadociae,

242 1152 366 1199 Asiae
391 1162 439 1199 et
459 1150 705 1217 Bithyniae
724 1151 1018 1216 praedicavit.
1042 1151 1223 1199 Deinde
1248 1153 1451 1201 Romam
1474 1153 1670 1201 Simone

243 1246 382 1294 mago
404 1239 624 1294 petente,
648 1228 816 1275 Petrus
839 1226 1190 1276 Antiochenam
1213 1228 1455 1276 ecclesiam
1477 1228 1668 1277 ordina-

244 1307 338 1363 rit,
372 1316 420 1354 et
454 1305 692 1354 Evodium
722 1307 998 1371 episcopum
1037 1305 1101 1352 ibi
1138 1323 1228 1370 pro
1264 1324 1312 1354 se
1353 1307 1664 1355 consecravit.

243 1384 460 1449 Denique
490 1385 693 1431 Romam
719 1402 829 1430 cum
851 1382 1072 1448 pluribus
1095 1383 1253 1431 electis
1283 1384 1526 1449 discipulis
1550 1402 1668 1448 per-

243 1461 367 1508 rexit
380 1497 392 1518 ‚
416 1473 463 1508 et
483 1462 716 1527 ingressus
735 1460 906 1509 urbem
925 1471 1139 1526 tempore
1157 1461 1339 1509 Claudii
1363 1461 1556 1509 Caesaris
1572 1461 1664 1526 (2),

239 1538 497 1602 praefatum
527 1540 907 1603 praestigatorem
931 1540 1002 1602 (3)
1016 1574 1028 1594 ‚
1063 1537 1281 1603 pluribus
1305 1538 1562 1603 phantasiis
1582 1555 1670 1603 per

243 1616 589 1664 daemoniacam
613 1618 870 1673 virtutem,
903 1635 1044 1682 quam
1071 1616 1326 1681 paredrum
1357 1617 1428 1681 (4)
1463 1626 1664 1673 vocant,

242 1694 479 1759 populum
500 1694 845 1759 decipientem,
873 1696 1056 1742 invenit
1083 1696 1134 1742 in
1159 1706 1341 1742 tantam
1365 1695 1670 1743 insolentiam

242 1772 444 1829 elatum,
482 1782 536 1818 ut
573 1772 715 1819 deum
752 1790 798 1820 se
835 1791 930 1820 esse
968 1773 1271 1838 gloriaretur,
1308 1784 1356 1820 et
1393 1791 1418 1819 a
1458 1772 1669 1820 romanis

246 1849 429 1897 civibus
447 1849 632 1898 honore
651 1851 890 1898 simulacri
913 1852 962 1897 in
982 1850 1180 1898 flumine
1199 1850 1387 1899 Tiberis
1405 1851 1531 1899 inter
1549 1850 1670 1899 duos

241 1938 413 1993 pontes
453 1929 671 1976 collocati
713 1940 940 1995 tanquam
974 1929 1087 1977 deus
1122 1930 1381 1995 potiretur.
1420 1931 1561 1977 Hunc
1592 1930 1672 1977 ni—

242 2008 423 2054 mirum
444 2008 637 2054 Satanas
659 2017 755 2054 tam
772 2025 998 2055 vesanum
1023 2009 1169 2056 totius
1188 2008 1495 2075 malignitatis
1515 2007 1672 2055 incen-

243 2096 399 2132 torem
423 2086 614 2150 penitus
637 2086 846 2150 possedit
861 2122 875 2143 ,
900 2096 1043 2151 atque
1071 2085 1129 2133 ad
1150 2085 1475 2134 debellandam
1502 2084 1672 2133 Eccle-

288 2317 339 2360 (ι)
365 2316 415 2350 Ici
437 2327 472 2350 se
492 2317 694 2350 terminent
711 2316 764 2350 les
787 2323 978 2363 emprunts
996 2315 1077 2350 faits
1100 2329 1164 2363 par
1188 2323 1293 2351 notre
1315 2323 1448 2352 auteur
1465 2328 1535 2351 aux
1551 2316 1670 2351 Βίω-

244 2374 406 2418 gnitinns
425 2373 470 2407 de
489 2374 584 2407 saint
604 2374 773 2408 Clement
789 2390 796 2409 ς
817 2375 1123 2420 Recogm'tionum
1143 2375 1182 2410 S.
1208 2375 1405 2410 Clementis
1423 2374 1478 2410 ad
1490 2374 1670 2410 Iacobum

232 2431 402 2477 fratrem
422 2431 573 2466 Domini
587 2432 674 2466 libri
689 2444 719 2466 x.

289 2493 339 2536 (2)
366 2490 427 2526 On
451 2490 552 2538 place
571 2503 616 2525 en
636 2491 704 2526 l⁷an
725 2494 766 2534 42
785 2504 825 2527 ce
843 2493 1003 2539 premier
1022 2505 1156 2540 voyage
1175 2492 1221 2528 de
1238 2494 1334 2528 saint
1350 2493 1476 2528 Pierre
1493 2494 1512 2527 ὲι
1531 2491 1666 2535 Rome,

242 2564 314 2599 que
332 2563 425 2585 nous
440 2563 485 2585 ne
503 2563 657 2597 croyons
673 2564 734 2599 pas
755 2553 908 2598 pouvoir
924 2552 1118 2588 admettre.

288 2609 339 2655 (3)
367 2610 463 2645 llisez
483 2626 487 2643 z
509 2613 833 2657 prmsligialorem.

291 2671 341 2714 (4)
366 2670 418 2705 Ce
439 2677 534 2713 mot,
557 2672 619 2718 qui
644 2672 817 2718 ‹'·quivaut
841 2673 862 2708 ἐι
885 2675 1082 2717 assistens,
1104 2671 1293 2716 assidens,
1314 2670 1456 2719 signifie
1482 2669 1529 2705 ici
1554 2669 1668 2716 esprit

243 2729 419 2772 samilc'er.
