1738 3043
236 230 284 267 46
598 228 837 266 HISTORIA
869 228 1268 269 ECCLESIASTICA.

236 308 455 371 perennis
480 308 589 352 vitae
612 319 995 355 remunerantur.
1020 310 1086 356 De
1110 309 1418 357 similitudine
1437 308 1518 358 hac
1538 329 1638 360 mo-

235 386 408 432 dernus
439 384 727 432 versificator
753 387 816 431 sic
841 388 906 432 ait
932 409 940 432 :

413 511 529 545 Vinea
545 510 641 546 culta
660 512 750 553 suit;
769 512 924 547 cultores
944 512 1088 559 praemia
1105 523 1282 561 quaerunt

410 570 490 605 Non
511 569 611 605 labor
629 572 793 619 aequalis,
814 572 960 619 aequalia
979 572 1073 606 dona
1091 573 1250 609 suerunt.

407 632 481 675 Qui
498 632 596 665 venit
613 638 814 674 extremus,
835 631 1083 679 dispensatore
1100 641 1268 675 vocante,

408 689 653 724 Tantunidein
674 690 803 736 recipit
820 698 996 737 quantum
1013 691 1075 738 qui
1094 699 1239 727 venerat
1257 700 1349 728 aute.

409 747 466 782 sic
488 748 583 781 Dens
601 747 760 782 ostendit
778 749 895 795 quod,
915 748 1218 797 quandocumque
1237 750 1404 794 velimus,

409 807 676 853 Aggrediauiur
694 819 802 852 opuS,
823 808 912 842 certi
931 807 976 842 de
996 820 1146 843 munere
1162 821 1296 843 sumus.

300 925 407 970 XII.
448 925 681 970 Hactenus
712 941 852 987 opera
875 941 981 989 quae
1005 924 1236 972 Dominus
1266 926 1313 970 in
1345 925 1485 973 initio
1511 941 1640 990 prae-

233 1001 480 1048 dicationis
516 1018 611 1047 suae
646 1000 759 1048 fecit
799 1018 883 1065 per
912 1000 1188 1058 biennium,
1227 1013 1373 1066 prout
1409 1020 1465 1050 ex
1503 1002 1640 1049 dictis

231 1077 434 1124 ediscere
456 1079 590 1142 potui
623 1077 1054 1141 Evangelistarum,
1085 1094 1175 1141 pro
1202 1077 1377 1123 salubri
1412 1078 1641 1125 exercita-

234 1154 364 1201 tione
391 1164 710 1218 perscrutatus
742 1171 870 1207 sum,
899 1152 1125 1218 brevique
1153 1153 1304 1200 relatu
1336 1152 1452 1200 mihi
1484 1170 1642 1201 anno-

233 1241 332 1277 tare
365 1240 560 1276 conatus
585 1248 705 1276 sum.
742 1230 928 1276 Amodo
961 1228 1077 1276 libet
1105 1230 1216 1276 anni
1247 1230 1372 1277 tertii
1407 1239 1534 1294 gesta
1561 1229 1641 1276 in-

231 1309 485 1372 vestigare,
523 1308 875 1372 insigniumque
906 1306 1092 1370 pondus
1115 1324 1276 1353 rerum
1308 1305 1641 1371 compendiose

231 1402 475 1441 caraxare3
511 1396 764 1449 postquam
797 1384 892 1448 ipse
928 1384 1158 1431 Dominus
1192 1384 1249 1431 de
1278 1383 1469 1432 Galilaea
1494 1384 1641 1449 coepit

232 1464 280 1508 in
311 1461 524 1509 Judaeam
549 1463 778 1527 migrare,
815 1472 869 1507 ut
897 1462 1176 1527 mysterium
1207 1471 1416 1526 paternae
1446 1461 1641 1527 dispen-

230 1539 422 1586 sationis
461 1540 508 1586 in
545 1539 799 1586 Jerusalem
835 1548 1210 1595 consummaret,
1250 1549 1298 1586 et
1327 1556 1494 1586 arcana
1525 1539 1640 1604 legis

230 1628 279 1663 et
307 1617 650 1681 prophetarum
679 1634 756 1662 sua
791 1615 929 1663 nobis
960 1614 1183 1663 ineffabili
1217 1617 1492 1680 operatione
1522 1633 1641 1664 rese-

230 1704 372 1740 raret.
401 1695 561 1740 Primo
592 1693 784 1758 quidem
819 1694 866 1738 in
899 1692 1058 1739 Judaea
1091 1692 1279 1749 docuit,
1313 1705 1440 1741 trans
1472 1693 1641 1742 Jorda-

231 1789 368 1827 nem,
401 1771 458 1817 ad
485 1771 751 1826 orientem3
779 1780 888 1834 post
911 1781 958 1817 et
991 1772 1106 1817 citra
1132 1772 1387 1819 Jordanem
1404 1808 1418 1829 ,
1449 1772 1640 1837 quando

232 1848 362 1894 venit
404 1847 595 1894 Jericho
641 1857 687 1894 et
724 1846 999 1894 Jerusalem.
1042 1847 1162 1894 Nam
1201 1865 1311 1894 cum
1351 1848 1506 1895 omnis
1551 1849 1641 1895 Ju-

233 1925 447 1972 daeorum
483 1925 727 1989 provincia
757 1925 1037 1989 generaliter
1060 1925 1116 1971 ad
1139 1924 1495 1974 distinctionem
1524 1926 1640 1974 alia-

230 2020 339 2048 rum
368 2003 583 2066 gentium
614 2001 773 2048 Judaea
806 2002 892 2059 sit,
923 2001 1164 2066 specialius
1192 2012 1349 2050 tamen
1382 2002 1638 2050 meridiana

230 2082 326 2143 ejus
359 2080 491 2144 plaga
521 2078 844 2143 appellabatur
870 2078 1053 2135 Judaea;
1080 2079 1136 2124 ad
1165 2078 1521 2127 distinctionem
1551 2079 1638 2126 Sa-

230 2158 391 2202 mariae
410 2192 423 2213 ,
455 2157 662 2203 Galilaeae
682 2192 695 2213 ,
729 2155 1002 2219 Decapolis,
1031 2165 1078 2201 et
1107 2165 1369 2202 ceterarum
1395 2157 1443 2202 in
1477 2156 1637 2204 eadem

229 2234 475 2295 provincia
501 2233 766 2295 regionum.

294 2307 562 2355 Ascendens
597 2310 726 2355 Jcsus
760 2310 808 2354 in
844 2310 1126 2365 Jerusalem,
1167 2321 1347 2358 secreto
1383 2312 1476 2358 suis
1506 2328 1637 2376 prae—

229 2386 350 2431 dixit
369 2386 608 2450 discipulis
632 2387 911 2450 passionem.
941 2388 1077 2434 Tunc
1096 2399 1244 2435 mater
1270 2388 1477 2436 filiorum
1495 2387 1637 2437 Zebe-

228 2463 316 2509 daei
362 2464 500 2527 petiit
548 2475 601 2509 ut
641 2481 761 2510 unus
801 2463 1009 2511 filiorum
1056 2467 1151 2529 ejus
1196 2466 1252 2511 ad
1297 2466 1536 2513 dexteram
1588 2476 1636 2513 et

228 2541 345 2586 alius
384 2539 563 2587 sederet
607 2542 652 2586 in
697 2558 844 2606 regno
881 2543 975 2605 ejus
1009 2542 1066 2588 ad
1108 2544 1362 2589 sinistram.
1409 2543 1492 2590 Ille
1521 2560 1634 2590 vero

229 2616 284 2663 ad
314 2616 590 2681 patientiam
624 2627 669 2664 et
709 2616 1026 2666 humilitatem
1063 2636 1141 2666 eos
1187 2619 1431 2676 invitavit,
1476 2628 1525 2666 et
1561 2636 1634 2666 se-

230 2695 383 2757 ipsum
409 2694 553 2740 totius
578 2694 846 2757 exemplum
867 2696 1064 2757 justitiae
1091 2695 1379 2760 sequendum
1404 2695 1629 2743 ostendit..
