1738 3043
551 231 704 270 LIBER
734 229 1014 269 SECCNDUS.
1421 233 1501 272 303

68 332 163 381 que
183 315 295 362 Jesu
317 312 494 360 Christi
521 312 601 359 tali
625 313 861 378 martyrio
891 322 960 360 est
988 321 1374 371 consummatus,
1403 313 1499 360 ibi-

68 409 163 458 que
182 408 334 458 prope
351 390 586 456 templum
608 388 702 437 kal.
726 389 838 436 maii
864 399 934 437 est
957 389 1186 454 sepultus.
1213 390 1323 438 Non
1342 391 1501 439 multo

69 481 179 536 post
191 508 203 527 ‚
223 469 521 535 oppugnatio
539 478 790 517 consecuta
811 478 882 516 est
899 468 1170 533 Vespasiani
1187 504 1200 526 ‚
1223 486 1368 535 quam
1385 488 1501 535 pru-

67 549 234 597 dentes
259 547 541 596 Judaeorum
570 545 877 594 crediderunt
904 545 1135 594 divinitus
1165 547 1386 596 accidisse
1409 567 1499 613 pro

69 626 279 675 vindicta
316 625 481 674 Jacobi
512 625 651 691 justi;
689 635 744 672 ut
782 625 1028 673 evidenter
1066 625 1243 691 legitur
1278 627 1327 673 in
1366 626 1502 674 libris

67 704 260 770 Josephi
272 741 286 763 ‚
306 703 625 752 Hebraeorum
645 702 842 768 insignis
858 701 1248 769 historiographi.
1270 705 1501 752 Incredu-

70 785 125 832 lis
142 802 232 849 pro
248 793 381 831 certo
396 784 423 829 J
427 781 572 829 udaeis
586 781 767 847 duplici
783 782 1081 831 contritione
1095 782 1498 848 periclitantibus,

68 861 277 910 Ecclesia
300 861 384 908 Dei
409 859 618 927 gaudens
645 861 695 907 in
725 879 836 908 vera
862 860 954 909 fide
980 871 1027 909 et
1057 860 1278 908 salvificis
1300 862 1501 909 virtuti-

69 941 183 1000 bus,
205 940 383 989 fortem
402 939 686 988 bellatorem
712 940 761 987 in
786 940 1018 987 auxilium
1040 940 1258 987 diuturni
1281 942 1502 989 certami-

69 1022 144 1069 nis
161 1020 361 1069 advocat
376 1037 493 1085 pura
508 1019 765 1067 devotione
779 1055 793 1076 ‚
817 1019 1050 1084 clarisque
1066 1018 1265 1066 vocibus
1284 1039 1294 1065 :
1315 1020 1503 1067 Jacobe

63 1103 215 1166 juste,
239 1099 534 1163 Jesafrater
552 1099 780 1157 Domini,
802 1099 865 1145 sit
889 1097 977 1144 tibi
993 1099 1085 1164 pia
1107 1116 1255 1164 super·
1269 1116 1357 1146 nos
1374 1117 1503 1146 com-

61 1180 236 1245 passio
252 1216 264 1234 ,
292 1196 409 1244 quos
428 1195 532 1225 reos
539 1178 679 1241 facit
702 1177 912 1243 superba
929 1178 1212 1242 jactantia,
1240 1189 1385 1243 atque
1389 1177 1504 1244 soe-

69 1259 204 1305 davit
245 1257 420 1304 mandi
446 1257 745 1323 petulantia.
792 1256 976 1303 Nostra
1021 1257 1277 1304 clementer
1316 1258 1506 1305 exaudi

62 1336 380 1402 precamina,
409 1337 673 1401 impetrans
698 1334 838 1381 nobis
868 1352 994 1382 veroe
1020 1334 1141 1382 lueis
1163 1336 1376 1400 gaudia.
1404 1337 1504 1384 Pro

71 1415 283 1461 inimicis
315 1416 402 1478 qui
431 1415 586 1461 orasti
619 1414 911 1472 Dominum,
947 1414 1036 1460 tibi
1069 1413 1250 1461 devotis
1280 1415 1506 1481 impende

69 1493 362 1557 suffragium
372 1529 388 1549 ,
419 1503 469 1538 ut
491 1493 831 1556 sempiternum
856 1493 1206 1539 nanciscamur
1220 1494 1501 1559 praemium.

71 1571 246 1616 Amen.

137 1648 246 1695 Vll.
273 1647 521 1714 Philippus
540 1666 594 1696 os
615 1649 865 1715 lampadis
890 1649 1261 1713 inter-pretatur,
1290 1667 1390 1715 quo
1412 1668 1506 1698 no-

73 1727 202 1776 mine
227 1727 587 1776 demonstratur
609 1728 742 1794 quod
773 1728 871 1792 ipse
900 1737 1029 1775 totus
1052 1739 1219 1792 patens
1245 1739 1347 1776 erat
1373 1729 1504 1776 infu-

73 1807 193 1855 sioni
214 1808 418 1872 geminae
435 1806 677 1853 charitatis
692 1842 704 1862 ‚
726 1816 772 1853 et
794 1806 969 1852 divinis
989 1805 1299 1871 obsequendo
1318 1807 1507 1854 manda-

76 1886 133 1931 tis
149 1921 160 1940 ,
188 1883 400 1930 imbutus
424 1895 472 1931 et
499 1885 762 1930 instructus
781 1882 1146 1929 charismatibus
1165 1884 1333 1940 sacris,
1356 1885 1506 1932 instar

76 1963 244 2010 lucidae
263 1961 489 2027 lampadis
504 1961 726 2008 barbaras
740 1973 904 2027 gentes
921 1961 1176 2008 illustravit
1193 1962 1507 2010 rutilantibus

76 2040 302 2105 exemplis
327 2050 373 2086 et
393 2040 610 2087 doctrina
635 2040 865 2086 veritatis.
891 2040 980 2085 Hic
1003 2057 1026 2085 a
1051 2038 1296 2086 Bethsaida
1317 2041 1507 2089 civitate

77 2118 287 2166 Galilaeae
312 2129 446 2166 ortus
470 2129 560 2175 est,
592 2129 639 2166 et
662 2119 788 2165 inter
806 2118 989 2182 primos
1007 2118 1199 2183 vestigia
1229 2118 1403 2165 Christi
1432 2137 1507 2167 se-

78 2207 214 2244 cutus
239 2208 324 2244 est.
352 2197 465 2245 Post
491 2197 814 2244 ascensionem
839 2196 1034 2243 Domini
1062 2195 1239 2252 Gallis,
1266 2197 1339 2244 vel
1365 2196 1508 2244 Gala-

79 2275 165 2332 tis,
195 2285 337 2340 atque
369 2273 558 2340 Scythis
589 2293 676 2340 per
707 2291 773 2321 xx
806 2291 957 2321 annos
985 2273 1299 2338 Evangelium
1330 2275 1509 2339 praedi-

79 2353 228 2410 cavit,
258 2363 305 2400 et
335 2352 539 2399 diversas
569 2362 732 2418 gentes
769 2352 826 2399 ad
859 2352 1156 2418 agnitionem
1187 2352 1284 2399 veri
1312 2352 1507 2400 luminis

80 2432 328 2495 pertraxit.
375 2431 630 2492 Quondam
675 2433 720 2478 in
765 2431 958 2497 Scythia
979 2467 993 2489 ,
1034 2430 1150 2478 dum
1187 2450 1210 2478 a
1248 2432 1509 2497 gentilibus

82 2518 343 2568 teneretur,
371 2528 424 2557 ae
454 2509 511 2556 ad
542 2519 745 2556 statuam
771 2509 937 2556 Martis
960 2509 1130 2556 ductus
1157 2509 1215 2556 ad
1238 2510 1511 2557 sacrificau-

85 2701 220 2744 iour-la
240 2703 348 2739 ‹l'une
375 2704 486 2751 eglise
507 2705 602 2739 bam·
629 2717 671 2738 οη
694 2717 755 2738 son
786 2704 952 2738 honneur
979 2706 996 2737 a
1023 2703 1138 2739 Rome
1162 2716 1240 2739 vers
1261 2704 1291 2737 Ιι·
1312 2703 1436 2738 milicu
1458 2703 1507 2738 (lu

88 2768 135 2793 η’
158 2762 262 2796 sii-cle
