1738 3043
654 190 806 229 LIBER
837 191 1044 231 PRIMUS.
1508 195 1559 233 93

210 272 347 318 XXI.
389 272 508 316 Cum
542 269 899 333 complerentur
928 270 1025 317 dies
1061 272 1383 329 pentecostes,
1413 272 1557 319 disei-

142 350 335 414 pulique
354 349 469 396 hora
491 348 627 394 tertia
655 349 701 393 in
728 364 878 392 unum
899 350 1169 412 congregati
1191 359 1343 396 essent
1368 347 1525 397 fideles
1541 387 1553 405 ‚

142 428 291 474 factus
314 438 382 474 est
406 437 600 490 repente
626 424 682 471 dc
706 424 830 470 eoelo
851 441 1017 482 sonus,
1046 436 1092 472 et
1123 427 1172 472 in
1205 428 1351 492 igneis
1383 427 1557 493 linguis

142 524 282 569 supel
299 505 509 552 sedentes
529 501 770 550 descendit
795 503 1000 566 Spiritus
1026 505 1250 561 Sanctus,
1277 506 1461 570 replens
1479 524 1557 554 eos

142 585 274 630 omni
294 582 514 638 scientia,
530 580 796 645 divinisque
811 579 1188 626 charzismltibus.
1213 582 1558 647 Oquamvelox

142 671 189 707 et
208 661 363 708 efficax
388 669 455 706 est
484 659 568 705 iste
589 657 785 715 altisex,
809 668 855 704 ct
882 657 1064 705 deside1
1066 669 1251 704 antium
1280 661 1558 708 unctionem

141 742 273 804 ejus
262 739 525 786 animarum
545 737 692 783 dulcis
712 746 758 783 et
777 735 990 783 vivificus
1015 736 1200 800 opifex!
1226 738 1351 802 Ignis
1370 738 1556 785 divinus

139 836 239 866 non
263 817 573 874 comburens,
601 815 678 863 sed
705 815 995 872 illuminans,
1020 814 1228 872 advenit,
1256 815 1396 863 corda
1421 816 1558 863 disci-

138 896 364 961 pulorum
383 894 592 943 ubertim
612 893 947 950 inflammavit,
970 894 1232 940 carnalium
1248 893 1559 942 delectatione

139 974 439 1038 voluptatum
463 984 509 1019 et
532 972 791 1020 formidine
815 971 1161 1036 suppliciorum
1185 972 1443 1018 evacuavit.
1465 974 1559 1020 Eos

141 1054 189 1099 in
221 1070 304 1100 ore
334 1070 420 1116 per
442 1050 762 1099 diversitatem
794 1050 1066 1115 linguarum
1094 1049 1254 1097 subito
1283 1049 1473 1108 docuit,
1510 1051 1557 1097 in

139 1140 299 1178 mente
322 1140 481 1176 autem
505 1147 560 1176 ex
584 1128 864 1175 auctoritate
890 1126 1163 1187 roboravit,
1195 1138 1242 1175 et
1268 1128 1319 1174 in
1351 1128 1558 1175 culmine

139 1209 375 1254 virtutum
394 1218 560 1255 contra
585 1224 750 1254 omnes
772 1216 896 1252 astus
918 1207 1095 1252 inimici
1121 1206 1308 1253 extulit.
1336 1208 1392 1254 In
1421 1207 1560 1253 variis

139 1286 339 1352 apostoli
363 1285 536 1350 linguis
558 1284 790 1350 magnalia
809 1284 893 1331 Dei
922 1281 1260 1348 loquebantur,
1291 1284 1352 1330 ita
1378 1294 1432 1330 ut
1455 1301 1558 1331 om-

138 1366 275 1411 nium
315 1364 532 1430 gentium
575 1362 767 1409 advenae
818 1363 1109 1409 mirarentur
1152 1361 1282 1427 quod
1324 1361 1559 1424 indigenae

139 1441 321 1489 Galilaei
350 1440 573 1489 omnibus
601 1440 774 1505 linguis
795 1439 968 1487 diserte
990 1450 1255 1487 uterentur.
1277 1440 1378 1487 Hoc
1401 1450 1455 1486 ut
1482 1440 1559 1487 in-

138 1520 232 1567 vidi
260 1519 412 1567 Judaei
439 1519 721 1567 confusione
749 1517 879 1584 digni
909 1530 1274 1583 compererunt,
1311 1519 1393 1583 qui
1416 1536 1558 1584 opera

138 1598 312 1646 Christi
340 1609 387 1646 et
409 1597 553 1646 verba
572 1599 759 1644 sinistra
780 1597 1174 1662 interpretatione
1193 1614 1378 1661 semper
1396 1596 1559 1661 depra-

137 1695 247 1726 vare
267 1678 392 1725 soliti
414 1688 549 1735 sunt,
576 1676 807 1742 magnalia
832 1675 915 1723 Dei
940 1675 1093 1722 fantes
1112 1686 1272 1722 musto
1292 1674 1457 1739 plenos
1476 1674 1559 1721 de·-

137 1756 411 1804 bacchando
435 1767 752 1804 asseruerunt.
780 1756 961 1803 Verum
994 1756 1160 1803 Petrus
1183 1753 1413 1819 spirituali
1438 1764 1557 1818 potu

139 1835 315 1881 affatim
334 1833 574 1881 debriatus
597 1835 645 1880 in
670 1833 876 1897 perfidos
898 1832 1129 1888 surrexit,
1152 1831 1295 1879 verba
1319 1831 1557 1895 sapientia·

141 1912 353 1958 salutaris
378 1912 634 1968 eructavit,
663 1911 719 1957 de
745 1911 1071 1956 incarnatione
1092 1921 1136 1956 et
1160 1910 1373 1973 passione
1397 1926 1449 1953 ac
1476 1925 1555 1953 re—

142 1989 434 2035 surrectione
456 1986 629 2034 Christi
650 1986 929 2051 eloquenter
957 1986 1198 2040 tractavit,
1224 1995 1271 2031 et
1294 1983 1558 2030 multitudi—

143 2085 252 2113 nem
275 2066 634 2131 malignantium
664 2074 949 2129 cooperante
978 2064 1158 2128 Spiritu
1185 2064 1358 2109 Sancto
1386 2061 1557 2109 confu—

141 2162 239 2191 sam
279 2144 531 2207 superavit.
577 2143 710 2188 Sicut
751 2141 991 2188 Malchum
1007 2177 1023 2200 ,
1067 2142 1147 2206 qui
1187 2158 1344 2188 servus
1385 2140 1556 2186 summi

142 2221 393 2269 sacerdotis
418 2232 540 2279 erat,
574 2219 729 2286 gladio
760 2219 1002 2285 quondam
1034 2220 1290 2284 percussit,
1325 2229 1372 2265 ct
1394 2236 1557 2265 aurem

143 2302 239 2364 ejus
263 2301 550 2364 amputav5it
581 2301 645 2345 sic
678 2298 930 2345 carnaliter
960 2297 1241 2344 famulantes
1268 2296 1354 2343 soli
1386 2296 1555 2342 littera:

142 2380 359 2427 mosaicae
385 2379 469 2443 leg
445 2397 496 2424 is
519 2379 721 2443 mystico
746 2378 831 2425 Dei
857 2376 1005 2425 weibo
1027 2377 1257 2441 pupugit,
1285 2385 1558 2438 veteresque

145 2477 237 2506 Cael
243 2459 440 2506 imonias
452 2457 673 2504 etobse1v
678 2457 857 2503 ationes
869 2454 926 2501 ab
941 2455 1185 2502 intellectu
1202 2453 1556 2518 neophytorum

144 2537 384 2584 resecavit.
407 2533 594 2581 Judaeos
620 2533 802 2597 itaque,
830 2549 949 2596 quos
975 2531 1030 2578 ad
1056 2549 1218 2577 necem
1241 2530 1421 2578 Messiae
1446 2547 1559 2593 per-

147 2614 251 2660 fidia
269 2613 431 2661 saevire
450 2612 591 2677 paulo
603 2621 713 2657 ante
733 2610 910 2673 coegit,
933 2609 1118 2655 fervens
1136 2609 1261 2656 Petri
1282 2606 1556 2672 praedicatio

147 2691 201 2736 ad
231 2691 568 2755 poenitentiam
592 2699 638 2737 et
662 2686 804 2735 fidem
827 2698 968 2752 atque
990 2685 1220 2751 baptisma
1247 2685 1475 2732 invitavit.
1499 2683 1559 2728 Et
