1738 3043
234 234 314 275 2⁴0
602 233 846 273 HISTORIA
876 233 1282 274 ECCLESIASTICA.

235 315 353 361 lucis
377 311 561 362 orando
583 312 805 360 clamavit
821 349 835 372 ,
863 323 912 362 et
934 313 1169 378 benignus
1195 313 1409 362 fidelium
1430 313 1655 383 suffraga-

235 402 313 440 tor
338 392 472 438 illum
498 390 715 437 celeriter
738 390 994 438 exaudivit.
1028 391 1149 438 Nam
1175 401 1316 439 terrae
1337 402 1476 440 motu
1498 392 1652 453 facto,

234 468 454 516 omnium
477 466 664 513 vincula
695 467 847 514 soluta
871 478 1008 525 sunt;
1037 479 1084 515 et
1107 469 1306 516 carceris
1330 469 1524 518 custode
1547 487 1658 518 cum

235 547 329 592 suis
367 543 636 609 baptizato,
679 546 800 592 servi
842 545 966 609 regis
1003 544 1209 593 Sabaoth
1244 545 1415 593 Paulus
1456 557 1505 595 et
1541 547 1659 595 Silas

237 622 374 671 liberi
401 621 531 670 abire
559 623 773 687 permissi
797 633 926 670 sunt.
955 623 1126 670 Paulus
1144 622 1344 671 Athenis
1366 624 1658 689 praedicans,

235 700 597 749 seminiverbius
620 718 646 746 a
673 700 855 765 populo
879 701 1245 766 cognominatus
1269 712 1339 748 est
1354 737 1368 759 ,
1395 711 1444 749 et.
1465 702 1532 749 sic
1556 702 1661 750 ido-

239 797 329 827 neo
365 779 424 826 ab
463 777 732 826 errantibus
767 777 1000 826 vocabulo
1041 778 1302 843 appellatus
1337 789 1430 837 est3
1469 797 1495 827 e
1529 781 1663 845 cujus

237 855 393 904 verbis
416 856 525 904 fons
549 856 660 902 vitae
684 856 909 920 perennis
931 854 1203 904 sitientibus
1229 855 1491 915 oriebatur,
1517 867 1566 905 et
1588 875 1665 904 sa-

238 934 351 980 lutis
389 952 548 981 semen
586 932 814 980 omnibus
846 934 1083 998 suscipere
1112 933 1489 982 desiderantibus
1520 936 1665 1000 gratis

238 1010 563 1077 spargebatur.
592 1012 713 1058 Cum
738 1011 968 1075 epicureis
993 1022 1040 1059 et
1066 1013 1227 1059 stoicis
1251 1012 1547 1078 philosophis
1578 1013 1666 1062 de—

238 1089 465 1146 certavit,
491 1105 757 1153 verumque
777 1089 933 1135 Deum
947 1123 960 1145 ,
983 1105 1128 1154 quem
1146 1088 1422 1154 Cecropidae
1445 1089 1666 1155 ignotum

238 1169 391 1215 Deum
410 1165 779 1231 nuncupabant,
806 1166 1089 1231 eloquenter
1112 1167 1176 1214 eis
1205 1167 1528 1214 annuntiavit.
1553 1167 1667 1215 Dio-

241 1246 405 1311 nysius
420 1245 702 1309 Areopagita
725 1262 834 1291 cum
853 1245 1042 1291 Damari
1067 1260 1217 1291 uxore
1236 1261 1317 1290 sua
1341 1244 1537 1292 credens
1554 1244 1665 1308 bap·

242 1323 408 1370 tizatus
427 1333 521 1380 est,
544 1334 592 1370 et
609 1322 756 1369 Paulo
775 1322 902 1368 inter
921 1321 1190 1386 praecipuos
1207 1332 1408 1386 propter
1423 1322 1666 1386 sapientiae

234 1400 528 1465 justitiaeque
562 1399 929 1464 praerogativam
962 1398 1139 1446 amicos
1173 1399 1426 1446 associatus
1460 1409 1546 1446 est.
1576 1399 1666 1446 Hic

239 1477 572 1542 postmodum,
603 1486 657 1523 ut
680 1476 910 1523 Aristides
939 1475 1244 1523 Atheniensis
1267 1477 1455 1534 asserit,
1481 1477 1667 1542 episco-

239 1573 327 1620 pus
360 1553 419 1601 ab
454 1554 620 1602 eodem
649 1554 866 1618 apostolo
895 1553 1266 1601 Atheniensibus
1295 1555 1543 1602 ordinatus
1567 1565 1662 1613 est,

242 1641 289 1678 et
317 1642 424 1695 post
452 1630 602 1677 multa
632 1629 870 1675 virtutum
894 1631 1098 1695 insignia
1123 1630 1295 1695 insigni
1321 1631 1558 1696 martyrio
1584 1647 1666 1678 co-

243 1719 441 1756 ronatus
465 1718 535 1756 est
561 1707 798 1771 (1).lnde
822 1707 990 1754 Paulus
1017 1707 1308 1756 Corinthum
1331 1709 1492 1766 venit,
1520 1708 1669 1774 Aqui-

239 1787 334 1834 lam
372 1803 481 1833 cum
515 1785 725 1832 Priscilla
763 1802 912 1833 uxore
951 1803 1032 1832 sua
1071 1785 1413 1850 praedicantem
1451 1786 1663 1844 invenit,

239 1864 363 1930 apud
384 1881 529 1929 quem
549 1862 720 1927 degens
735 1899 747 1918 ,
771 1863 1166 1912 scenofactoriam
1191 1874 1370 1920 artem,
1394 1865 1443 1911 in
1464 1883 1557 1931 qua
1584 1883 1665 1930 pe-

240 1944 322 1990 riti
349 1952 512 2000 erant,
539 1942 768 1989 exercuit.
798 1940 867 1988 Ibi
893 1941 1109 1989 Christus
1134 1943 1270 1989 illum
1293 1943 1570 2001 admonuit,
1603 1960 1665 1990 ne

240 2021 500 2086 praedicare
519 2030 742 2078 cessaret,
771 2037 923 2085 eoque
947 2020 1151 2068 fideliter
1174 2020 1494 2086 obsequente,
1523 2019 1663 2068 multi

242 2100 457 2147 conversi
478 2109 606 2146 sunt.

304 2180 477 2246 Ephesi
505 2180 756 2228 duodecim
779 2181 916 2238 viris,
940 2198 1061 2245 quos
1084 2181 1256 2227 Paulus
1283 2181 1329 2226 in
1354 2180 1551 2227 nomine
1571 2180 1664 2228 Do-

239 2259 356 2304 mini
389 2257 670 2322 baptizavit‚
700 2258 906 2322 Spiritus
931 2257 1129 2303 Sanctus
1157 2256 1344 2321 replens
1371 2257 1520 2303 varias
1548 2273 1660 2304 mox

284 2507 333 2550 ξι)
360 2504 388 2539 Il
404 2505 494 2539 n'est
509 2504 709 2538 nnllement
730 2507 865 2552 prouve'
884 2517 954 2552 que
973 2506 1138 2540 Damaris
1158 2507 1208 2540 ait
1226 2507 1282 2541 ete'
1299 2504 1333 2540 la
1349 2505 1482 2540 femme
1502 2504 1549 2540 de
1567 2506 1662 2540 saint

242 2565 352 2598 nonis
373 2563 638 2610 l'Ai·‹'·0pagite,
661 2570 695 2597 et
718 2563 749 2597 le
769 2570 864 2598 texte
883 2563 928 2598 de
947 2565 1041 2598 saint
1058 2565 1133 2598 Luc
1146 2571 1200 2598 cst
1216 2563 1335 2598 meme
1352 2575 1423 2610 peu
1442 2562 1622 2598 favorable
1641 2565 1661 2597 a

238 2631 332 2658 cette
357 2623 519 2671 opinion.
540 2624 639 2657 Tout
665 2636 705 2657 (ec
731 2623 841 2670 qu'on
869 2623 936 2657 sait
963 2623 1007 2658 de
1034 2623 1172 2658 certain
1193 2635 1255 2657 sur
1273 2622 1367 2657 saint
1392 2621 1521 2666 Denis,
1543 2634 1607 2669 par
1627 2621 1660 2657 le

239 2685 468 2732 temoignage
498 2683 542 2717 ‹le
568 2695 632 2717 son
658 2683 881 2729 homonyme
907 2683 952 2718 de
976 2683 1175 2725 Corinthe‚
1202 2690 1257 2717 est
1284 2681 1374 2730 qu'il
1396 2693 1416 2715 a
1442 2683 1500 2717 ete
1525 2682 1660 2729 eveque

237 2744 449 2779 «immanes.
471 2743 499 2778 11
520 2743 635 2790 parait
658 2750 825 2778 constant
845 2743 938 2777 aussi
960 2743 1049 2791 qu'il
1067 2756 1085 2778 a
1107 2741 1255 2778 souffert
1273 2743 1306 2778 le
1324 2749 1496 2789 martyre.
