<?xml version="1.0" encoding="UTF-8"?>
<!DOCTYPE html PUBLIC "-//W3C//DTD XHTML 1.0 Transitional//EN"
    "http://www.w3.org/TR/xhtml1/DTD/xhtml1-transitional.dtd">
<html xmlns="http://www.w3.org/1999/xhtml" xml:lang="en" lang="en">
 <head>
  <title>
</title>
<meta http-equiv="Content-Type" content="text/html;charset=utf-8" />
  <meta name='ocr-system' content='tesseract 3.04.00' />
  <meta name='ocr-capabilities' content='ocr_page ocr_carea ocr_par ocr_line ocrx_word'/>
</head>
<body>
  <div class='ocr_page' id='page_1' title='image "./ordericivitalish01ordeuoft/ordericivitalish01ordeuoft_0356.png"; bbox 0 0 1738 3043; ppageno 0'>
   <div class='ocr_carea' id='block_1_1' title="bbox 250 270 1685 2821">
    <p class='ocr_par' dir='ltr' id='par_1_1' title="bbox 253 270 1296 312">
     <span class='ocr_line' id='line_1_1' title="bbox 253 270 1296 312; baseline 0.001 -3"><span class='ocrx_word' id='word_1_1' title='bbox 253 274 330 312; x_wconf 74' lang='lat'>:338</span> <span class='ocrx_word' id='word_1_2' title='bbox 625 270 864 308; x_wconf 74' lang='lat' dir='ltr'>HISTORIA</span> <span class='ocrx_word' id='word_1_3' title='bbox 896 270 1296 310; x_wconf 73' lang='lat' dir='ltr'><strong>ECCLESJASTICA.</strong></span> 
     </span>
    </p>

    <p class='ocr_par' dir='ltr' id='par_1_2' title="bbox 250 349 1674 805">
     <span class='ocr_line' id='line_1_2' title="bbox 261 349 1671 409; baseline 0 -9"><span class='ocrx_word' id='word_1_4' title='bbox 261 357 437 402; x_wconf 76' lang='lat' dir='ltr'>invasas</span> <span class='ocrx_word' id='word_1_5' title='bbox 458 352 796 407; x_wconf 76' lang='lat' dir='ltr'>restituerunt,</span> <span class='ocrx_word' id='word_1_6' title='bbox 826 349 1002 397; x_wconf 84' lang='lat' dir='ltr'>tributa</span> <span class='ocrx_word' id='word_1_7' title='bbox 1027 350 1302 409; x_wconf 80' lang='lat' dir='ltr'>solverunt,</span> <span class='ocrx_word' id='word_1_8' title='bbox 1329 350 1671 401; x_wconf 87' lang='lat' dir='ltr'>firmissimum-</span> 
     </span>
     <span class='ocr_line' id='line_1_3' title="bbox 256 426 1670 495; baseline -0.001 -18"><span class='ocrx_word' id='word_1_9' title='bbox 256 448 348 495; x_wconf 83' lang='lat' dir='ltr'>que</span> <span class='ocrx_word' id='word_1_10' title='bbox 364 428 489 493; x_wconf 86' lang='lat' dir='ltr'>pacis</span> <span class='ocrx_word' id='word_1_11' title='bbox 504 439 695 493; x_wconf 82' lang='lat' dir='ltr'>pactum</span> <span class='ocrx_word' id='word_1_12' title='bbox 710 426 1028 475; x_wconf 82' lang='lat' dir='ltr'>stabilierunt.</span> <span class='ocrx_word' id='word_1_13' title='bbox 1050 428 1270 492; x_wconf 87' lang='lat' dir='ltr'>Denique</span> <span class='ocrx_word' id='word_1_14' title='bbox 1286 428 1401 485; x_wconf 85' lang='lat' dir='ltr'>dux,</span> <span class='ocrx_word' id='word_1_15' title='bbox 1421 439 1670 495; x_wconf 84' lang='lat' dir='ltr'><strong>postquam</strong></span> 
     </span>
     <span class='ocr_line' id='line_1_4' title="bbox 256 505 1673 572; baseline 0.001 -19"><span class='ocrx_word' id='word_1_16' title='bbox 256 506 512 572; x_wconf 73' lang='lat' dir='ltr'>:ipost0105‚</span> <span class='ocrx_word' id='word_1_17' title='bbox 534 505 786 553; x_wconf 80' lang='lat' dir='ltr'>manifesto</span> <span class='ocrx_word' id='word_1_18' title='bbox 812 516 983 552; x_wconf 63' lang='lat' dir='ltr'>eventu</span> <span class='ocrx_word' id='word_1_19' title='bbox 1007 515 1276 562; x_wconf 80' lang='lat' dir='ltr'>attestante,</span> <span class='ocrx_word' id='word_1_20' title='bbox 1294 505 1526 553; x_wconf 85' lang='lat' dir='ltr'>veridicos</span> <span class='ocrx_word' id='word_1_21' title='bbox 1550 523 1673 554; x_wconf 89' lang='lat' dir='ltr'>com·</span> 
     </span>
     <span class='ocr_line' id='line_1_5' title="bbox 256 581 1671 649; baseline -0.001 -18"><span class='ocrx_word' id='word_1_22' title='bbox 256 583 494 649; x_wconf 64' lang='lat' dir='ltr'>probavit,</span> <span class='ocrx_word' id='word_1_23' title='bbox 520 584 662 629; x_wconf 84' lang='lat' dir='ltr'>iratus</span> <span class='ocrx_word' id='word_1_24' title='bbox 685 581 1014 647; x_wconf 85' lang='lat' dir='ltr'>pontificibus,</span> <span class='ocrx_word' id='word_1_25' title='bbox 1033 583 1190 647; x_wconf 78' lang='lat' dir='ltr'>ignem</span> <span class='ocrx_word' id='word_1_26' title='bbox 1215 583 1461 647; x_wconf 90' lang='lat' dir='ltr'>copiosum</span> <span class='ocrx_word' id='word_1_27' title='bbox 1480 583 1671 630; x_wconf 79' lang='lat' dir='ltr'>accendi</span> 
     </span>
     <span class='ocr_line' id='line_1_6' title="bbox 250 659 1674 726; baseline 0 -18"><span class='ocrx_word' id='word_1_28' title='bbox 250 663 416 726; x_wconf 87' lang='lat' dir='ltr'>jussit,</span> <span class='ocrx_word' id='word_1_29' title='bbox 442 663 658 726; x_wconf 86' lang='lat' dir='ltr'>ipsosque</span> <span class='ocrx_word' id='word_1_30' title='bbox 677 679 786 708; x_wconf 90' lang='lat' dir='ltr'>cum</span> <span class='ocrx_word' id='word_1_31' title='bbox 806 659 1118 725; x_wconf 85' lang='lat' dir='ltr'>complicibus</span> <span class='ocrx_word' id='word_1_32' title='bbox 1133 678 1300 708; x_wconf 88' lang='lat' dir='ltr'>eorum</span> <span class='ocrx_word' id='word_1_33' title='bbox 1319 661 1368 707; x_wconf 91' lang='lat' dir='ltr'>in</span> <span class='ocrx_word' id='word_1_34' title='bbox 1387 661 1544 726; x_wconf 81' lang='lat' dir='ltr'><strong>ignem</strong></span> <span class='ocrx_word' id='word_1_35' title='bbox 1558 678 1674 726; x_wconf 88' lang='lat' dir='ltr'>prae-</span> 
     </span>
     <span class='ocr_line' id='line_1_7' title="bbox 257 739 712 805; baseline -0.004 -19"><span class='ocrx_word' id='word_1_36' title='bbox 257 741 442 805; x_wconf 87' lang='lat' dir='ltr'>cipitari</span> <span class='ocrx_word' id='word_1_37' title='bbox 469 739 712 804; x_wconf 62' lang='lat' dir='ltr'>praecepit.</span> 
     </span>
    </p>

    <p class='ocr_par' dir='ltr' id='par_1_3' title="bbox 254 815 1676 1175">
     <span class='ocr_line' id='line_1_8' title="bbox 320 815 1673 882; baseline -0.001 -18"><span class='ocrx_word' id='word_1_38' title='bbox 320 817 537 882; x_wconf 80' lang='lat' dir='ltr'>Apostoli</span> <span class='ocrx_word' id='word_1_39' title='bbox 570 827 726 864; x_wconf 86' lang='lat' dir='ltr'>autem</span> <span class='ocrx_word' id='word_1_40' title='bbox 766 815 1020 864; x_wconf 74' lang='lat' dir='ltr'>dominicae</span> <span class='ocrx_word' id='word_1_41' title='bbox 1046 817 1272 880; x_wconf 90' lang='lat' dir='ltr'>jussionis</span> <span class='ocrx_word' id='word_1_42' title='bbox 1305 833 1538 865; x_wconf 84' lang='lat' dir='ltr'>memores</span> <span class='ocrx_word' id='word_1_43' title='bbox 1565 817 1673 864; x_wconf 89' lang='lat' dir='ltr'>duci</span> 
     </span>
     <span class='ocr_line' id='line_1_9' title="bbox 254 894 1676 960; baseline 0 -19"><span class='ocrx_word' id='word_1_44' title='bbox 254 896 480 960; x_wconf 75' lang='lat' dir='ltr'>prostrati</span> <span class='ocrx_word' id='word_1_45' title='bbox 519 905 656 951; x_wconf 88' lang='lat' dir='ltr'>sunt,</span> <span class='ocrx_word' id='word_1_46' title='bbox 693 904 740 941; x_wconf 88' lang='lat' dir='ltr'>et</span> <span class='ocrx_word' id='word_1_47' title='bbox 775 894 1021 958; x_wconf 82' lang='lat' dir='ltr'>pulverem</span> <span class='ocrx_word' id='word_1_48' title='bbox 1053 912 1193 958; x_wconf 87' lang='lat' dir='ltr'>super</span> <span class='ocrx_word' id='word_1_49' title='bbox 1216 905 1357 960; x_wconf 89' lang='lat' dir='ltr'>caput</span> <span class='ocrx_word' id='word_1_50' title='bbox 1380 913 1517 942; x_wconf 90' lang='lat' dir='ltr'>suum</span> <span class='ocrx_word' id='word_1_51' title='bbox 1543 913 1676 960; x_wconf 88' lang='lat' dir='ltr'>spar-</span> 
     </span>
     <span class='ocr_line' id='line_1_10' title="bbox 256 971 1676 1039; baseline 0 -19"><span class='ocrx_word' id='word_1_52' title='bbox 256 985 444 1039; x_wconf 60' lang='lat' dir='ltr'>gemm,</span> <span class='ocrx_word' id='word_1_53' title='bbox 484 990 573 1037; x_wconf 86' lang='lat' dir='ltr'>pro</span> <span class='ocrx_word' id='word_1_54' title='bbox 614 972 818 1018; x_wconf 86' lang='lat' dir='ltr'>inimicis</span> <span class='ocrx_word' id='word_1_55' title='bbox 853 989 913 1019; x_wconf 89' lang='lat' dir='ltr'>ne</span> <span class='ocrx_word' id='word_1_56' title='bbox 949 971 1162 1036; x_wconf 88' lang='lat' dir='ltr'>perirent</span> <span class='ocrx_word' id='word_1_57' title='bbox 1189 972 1598 1037; x_wconf 88' lang='lat' dir='ltr'>supplicaverunt;</span> <span class='ocrx_word' id='word_1_58' title='bbox 1628 983 1676 1020; x_wconf 88' lang='lat' dir='ltr'>et</span> 
     </span>
     <span class='ocr_line' id='line_1_11' title="bbox 257 1048 1676 1113; baseline -0.001 -16"><span class='ocrx_word' id='word_1_59' title='bbox 257 1048 544 1097; x_wconf 81' lang='lat' dir='ltr'>mirantibus</span> <span class='ocrx_word' id='word_1_60' title='bbox 573 1049 782 1105; x_wconf 78' lang='lat' dir='ltr'>cunctiS,</span> <span class='ocrx_word' id='word_1_61' title='bbox 817 1048 937 1095; x_wconf 77' lang='lat' dir='ltr'>lianc</span> <span class='ocrx_word' id='word_1_62' title='bbox 963 1066 1058 1096; x_wconf 88' lang='lat' dir='ltr'>esse</span> <span class='ocrx_word' id='word_1_63' title='bbox 1085 1048 1384 1113; x_wconf 86' lang='lat' dir='ltr'>disciplinam</span> <span class='ocrx_word' id='word_1_64' title='bbox 1413 1049 1498 1096; x_wconf 84' lang='lat' dir='ltr'>Dei</span> <span class='ocrx_word' id='word_1_65' title='bbox 1525 1050 1676 1097; x_wconf 85' lang='lat' dir='ltr'>nostri</span> 
     </span>
     <span class='ocr_line' id='line_1_12' title="bbox 257 1127 973 1175; baseline -0.003 -1"><span class='ocrx_word' id='word_1_66' title='bbox 257 1128 525 1175; x_wconf 76' lang='lat' dir='ltr'>luculenter</span> <span class='ocrx_word' id='word_1_67' title='bbox 548 1127 973 1174; x_wconf 85' lang='lat' dir='ltr'>annuntiaverunt.</span> 
     </span>
    </p>

    <p class='ocr_par' dir='ltr' id='par_1_4' title="bbox 257 1204 1683 1970">
     <span class='ocr_line' id='line_1_13' title="bbox 324 1204 1678 1271; baseline 0 -19"><span class='ocrx_word' id='word_1_68' title='bbox 324 1205 537 1253; x_wconf 84' lang='lat' dir='ltr'>Tandem</span> <span class='ocrx_word' id='word_1_69' title='bbox 568 1204 862 1252; x_wconf 89' lang='lat' dir='ltr'>Warardach</span> <span class='ocrx_word' id='word_1_70' title='bbox 899 1204 1150 1269; x_wconf 89' lang='lat' dir='ltr'>imperavit</span> <span class='ocrx_word' id='word_1_71' title='bbox 1185 1204 1436 1268; x_wconf 90' lang='lat' dir='ltr'>pontifices</span> <span class='ocrx_word' id='word_1_72' title='bbox 1474 1221 1678 1271; x_wconf 90' lang='lat' dir='ltr'>compu-</span> 
     </span>
     <span class='ocr_line' id='line_1_14' title="bbox 262 1282 1680 1348; baseline 0 -18"><span class='ocrx_word' id='word_1_73' title='bbox 262 1285 376 1341; x_wconf 83' lang='lat' dir='ltr'>tari,</span> <span class='ocrx_word' id='word_1_74' title='bbox 412 1294 459 1331; x_wconf 88' lang='lat' dir='ltr'>et</span> <span class='ocrx_word' id='word_1_75' title='bbox 480 1301 673 1330; x_wconf 90' lang='lat' dir='ltr'>omnem</span> <span class='ocrx_word' id='word_1_76' title='bbox 698 1282 972 1330; x_wconf 80' lang='lat' dir='ltr'>facultatem</span> <span class='ocrx_word' id='word_1_77' title='bbox 995 1299 1188 1340; x_wconf 89' lang='lat' dir='ltr'>eorum,</span> <span class='ocrx_word' id='word_1_78' title='bbox 1219 1293 1273 1329; x_wconf 87' lang='lat' dir='ltr'>ut</span> <span class='ocrx_word' id='word_1_79' title='bbox 1301 1282 1526 1348; x_wconf 89' lang='lat' dir='ltr'>apostolis</span> <span class='ocrx_word' id='word_1_80' title='bbox 1550 1282 1680 1330; x_wconf 89' lang='lat' dir='ltr'>dare-</span> 
     </span>
     <span class='ocr_line' id='line_1_15' title="bbox 259 1360 1679 1427; baseline 0.001 -20"><span class='ocrx_word' id='word_1_81' title='bbox 259 1372 355 1419; x_wconf 87' lang='lat' dir='ltr'>tur,</span> <span class='ocrx_word' id='word_1_82' title='bbox 380 1362 575 1427; x_wconf 86' lang='lat' dir='ltr'>inquiri.</span> <span class='ocrx_word' id='word_1_83' title='bbox 597 1362 782 1408; x_wconf 69' lang='lat' dir='ltr'>Inventi</span> <span class='ocrx_word' id='word_1_84' title='bbox 803 1370 915 1407; x_wconf 88' lang='lat' dir='ltr'>sunt</span> <span class='ocrx_word' id='word_1_85' title='bbox 933 1371 1092 1408; x_wconf 86' lang='lat' dir='ltr'>autem</span> <span class='ocrx_word' id='word_1_86' title='bbox 1116 1360 1366 1425; x_wconf 86' lang='lat' dir='ltr'>pontifices</span> <span class='ocrx_word' id='word_1_87' title='bbox 1389 1361 1679 1426; x_wconf 88' lang='lat' dir='ltr'>templorum</span> 
     </span>
     <span class='ocr_line' id='line_1_16' title="bbox 260 1438 1680 1505; baseline -0.001 -18"><span class='ocrx_word' id='word_1_88' title='bbox 260 1457 370 1498; x_wconf 85' lang='lat' dir='ltr'>cxx,</span> <span class='ocrx_word' id='word_1_89' title='bbox 397 1451 443 1487; x_wconf 92' lang='lat' dir='ltr'>et</span> <span class='ocrx_word' id='word_1_90' title='bbox 466 1440 789 1505; x_wconf 88' lang='lat' dir='ltr'>unusquisque</span> <span class='ocrx_word' id='word_1_91' title='bbox 814 1439 861 1485; x_wconf 91' lang='lat' dir='ltr'>in</span> <span class='ocrx_word' id='word_1_92' title='bbox 887 1456 986 1486; x_wconf 91' lang='lat' dir='ltr'>uno</span> <span class='ocrx_word' id='word_1_93' title='bbox 1008 1456 1170 1486; x_wconf 86' lang='lat' dir='ltr'>mense</span> <span class='ocrx_word' id='word_1_94' title='bbox 1199 1438 1256 1486; x_wconf 92' lang='lat' dir='ltr'>de</span> <span class='ocrx_word' id='word_1_95' title='bbox 1278 1438 1390 1486; x_wconf 87' lang='lat' dir='ltr'>fisco</span> <span class='ocrx_word' id='word_1_96' title='bbox 1415 1455 1680 1505; x_wconf 86' lang='lat' dir='ltr'>conseque-</span> 
     </span>
     <span class='ocr_line' id='line_1_17' title="bbox 260 1516 1681 1583; baseline 0.001 -20"><span class='ocrx_word' id='word_1_97' title='bbox 260 1517 402 1564; x_wconf 85' lang='lat' dir='ltr'>batur</span> <span class='ocrx_word' id='word_1_98' title='bbox 425 1535 566 1563; x_wconf 90' lang='lat' dir='ltr'>unam</span> <span class='ocrx_word' id='word_1_99' title='bbox 591 1516 763 1562; x_wconf 91' lang='lat' dir='ltr'>libram</span> <span class='ocrx_word' id='word_1_100' title='bbox 789 1517 918 1574; x_wconf 80' lang='lat' dir='ltr'>auri3</span> <span class='ocrx_word' id='word_1_101' title='bbox 947 1535 1157 1564; x_wconf 90' lang='lat' dir='ltr'>summus</span> <span class='ocrx_word' id='word_1_102' title='bbox 1183 1534 1298 1564; x_wconf 89' lang='lat' dir='ltr'>vero</span> <span class='ocrx_word' id='word_1_103' title='bbox 1319 1516 1536 1582; x_wconf 87' lang='lat' dir='ltr'>pontifex</span> <span class='ocrx_word' id='word_1_104' title='bbox 1561 1535 1681 1583; x_wconf 89' lang='lat' dir='ltr'>qua-</span> 
     </span>
     <span class='ocr_line' id='line_1_18' title="bbox 261 1593 1679 1659; baseline 0 -18"><span class='ocrx_word' id='word_1_105' title='bbox 261 1595 485 1659; x_wconf 87' lang='lat' dir='ltr'>druplum</span> <span class='ocrx_word' id='word_1_106' title='bbox 525 1595 573 1640; x_wconf 90' lang='lat' dir='ltr'>in</span> <span class='ocrx_word' id='word_1_107' title='bbox 608 1611 726 1641; x_wconf 89' lang='lat' dir='ltr'>auro</span> <span class='ocrx_word' id='word_1_108' title='bbox 760 1593 1108 1658; x_wconf 81' lang='lat' dir='ltr'>adipiscebatur</span> <span class='ocrx_word' id='word_1_109' title='bbox 1143 1612 1285 1659; x_wconf 87' lang='lat' dir='ltr'>quam</span> <span class='ocrx_word' id='word_1_110' title='bbox 1315 1595 1489 1642; x_wconf 55' lang='lat' dir='ltr'>caeteri.</span> <span class='ocrx_word' id='word_1_111' title='bbox 1527 1596 1679 1641; x_wconf 87' lang='lat' dir='ltr'>Tanta</span> 
     </span>
     <span class='ocr_line' id='line_1_19' title="bbox 259 1670 1681 1734; baseline -0.001 -15"><span class='ocrx_word' id='word_1_112' title='bbox 259 1683 360 1719; x_wconf 87' lang='lat' dir='ltr'>erat</span> <span class='ocrx_word' id='word_1_113' title='bbox 387 1671 581 1717; x_wconf 85' lang='lat' dir='ltr'>facultas</span> <span class='ocrx_word' id='word_1_114' title='bbox 612 1687 778 1718; x_wconf 87' lang='lat' dir='ltr'>corum</span> <span class='ocrx_word' id='word_1_115' title='bbox 799 1671 844 1717; x_wconf 93' lang='lat' dir='ltr'>in</span> <span class='ocrx_word' id='word_1_116' title='bbox 871 1687 988 1717; x_wconf 86' lang='lat' dir='ltr'>auro</span> <span class='ocrx_word' id='word_1_117' title='bbox 1014 1680 1061 1717; x_wconf 89' lang='lat' dir='ltr'>et</span> <span class='ocrx_word' id='word_1_118' title='bbox 1082 1681 1304 1734; x_wconf 74' lang='lat' dir='ltr'>argento,</span> <span class='ocrx_word' id='word_1_119' title='bbox 1331 1671 1380 1717; x_wconf 89' lang='lat' dir='ltr'>in</span> <span class='ocrx_word' id='word_1_120' title='bbox 1403 1670 1610 1718; x_wconf 84' lang='lat' dir='ltr'>vestibus</span> <span class='ocrx_word' id='word_1_121' title='bbox 1633 1681 1681 1719; x_wconf 87' lang='lat' dir='ltr'>et</span> 
     </span>
     <span class='ocr_line' id='line_1_20' title="bbox 257 1748 1682 1815; baseline 0 -19"><span class='ocrx_word' id='word_1_122' title='bbox 257 1751 486 1814; x_wconf 87' lang='lat' dir='ltr'>jumentis</span> <span class='ocrx_word' id='word_1_123' title='bbox 504 1786 516 1806; x_wconf 90' lang='lat'>,</span> <span class='ocrx_word' id='word_1_124' title='bbox 544 1760 598 1794; x_wconf 87' lang='lat' dir='ltr'>ut</span> <span class='ocrx_word' id='word_1_125' title='bbox 622 1749 914 1795; x_wconf 88' lang='lat' dir='ltr'>dinumerari</span> <span class='ocrx_word' id='word_1_126' title='bbox 944 1766 1043 1796; x_wconf 91' lang='lat' dir='ltr'>non</span> <span class='ocrx_word' id='word_1_127' title='bbox 1067 1759 1241 1812; x_wconf 87' lang='lat' dir='ltr'>posset.</span> <span class='ocrx_word' id='word_1_128' title='bbox 1271 1749 1424 1810; x_wconf 85' lang='lat' dir='ltr'>Quam</span> <span class='ocrx_word' id='word_1_129' title='bbox 1451 1748 1548 1796; x_wconf 86' lang='lat' dir='ltr'>dux</span> <span class='ocrx_word' id='word_1_130' title='bbox 1569 1766 1682 1815; x_wconf 89' lang='lat' dir='ltr'>apo-</span> 
     </span>
     <span class='ocr_line' id='line_1_21' title="bbox 263 1826 1683 1891; baseline -0.001 -17"><span class='ocrx_word' id='word_1_131' title='bbox 263 1828 395 1876; x_wconf 88' lang='lat' dir='ltr'>stolis</span> <span class='ocrx_word' id='word_1_132' title='bbox 417 1826 596 1876; x_wconf 84' lang='lat' dir='ltr'>obtulit</span> <span class='ocrx_word' id='word_1_133' title='bbox 611 1865 622 1887; x_wconf 74' lang='lat'>,</span> <span class='ocrx_word' id='word_1_134' title='bbox 646 1826 725 1873; x_wconf 86' lang='lat' dir='ltr'>sed</span> <span class='ocrx_word' id='word_1_135' title='bbox 745 1827 829 1890; x_wconf 86' lang='lat' dir='ltr'>ipsi</span> <span class='ocrx_word' id='word_1_136' title='bbox 851 1827 1042 1891; x_wconf 87' lang='lat' dir='ltr'>penitus</span> <span class='ocrx_word' id='word_1_137' title='bbox 1061 1836 1374 1890; x_wconf 87' lang='lat' dir='ltr'>respuerunt,</span> <span class='ocrx_word' id='word_1_138' title='bbox 1402 1827 1550 1875; x_wconf 91' lang='lat' dir='ltr'>immo</span> <span class='ocrx_word' id='word_1_139' title='bbox 1571 1826 1683 1875; x_wconf 90' lang='lat' dir='ltr'>indi-</span> 
     </span>
     <span class='ocr_line' id='line_1_22' title="bbox 262 1904 966 1970; baseline -0.004 -17"><span class='ocrx_word' id='word_1_140' title='bbox 262 1904 482 1970; x_wconf 76' lang='lat' dir='ltr'>gentibus</span> <span class='ocrx_word' id='word_1_141' title='bbox 507 1905 688 1969; x_wconf 79' lang='lat' dir='ltr'>erogari</span> <span class='ocrx_word' id='word_1_142' title='bbox 710 1906 966 1968; x_wconf 87' lang='lat' dir='ltr'>jusserunt.</span> 
     </span>
    </p>

    <p class='ocr_par' dir='ltr' id='par_1_5' title="bbox 263 1982 1685 2821">
     <span class='ocr_line' id='line_1_23' title="bbox 326 1982 1683 2048; baseline 0 -18"><span class='ocrx_word' id='word_1_143' title='bbox 326 1984 543 2048; x_wconf 85' lang='lat' dir='ltr'>Denique</span> <span class='ocrx_word' id='word_1_144' title='bbox 569 1982 688 2030; x_wconf 89' lang='lat' dir='ltr'>duce</span> <span class='ocrx_word' id='word_1_145' title='bbox 711 1983 806 2047; x_wconf 79' lang='lat' dir='ltr'>regi</span> <span class='ocrx_word' id='word_1_146' title='bbox 838 1983 988 2029; x_wconf 82' lang='lat' dir='ltr'>Xerxi</span> <span class='ocrx_word' id='word_1_147' title='bbox 1019 1992 1214 2030; x_wconf 88' lang='lat' dir='ltr'>eventus</span> <span class='ocrx_word' id='word_1_148' title='bbox 1238 2000 1345 2030; x_wconf 92' lang='lat' dir='ltr'>suos</span> <span class='ocrx_word' id='word_1_149' title='bbox 1368 1993 1416 2030; x_wconf 88' lang='lat' dir='ltr'>et</span> <span class='ocrx_word' id='word_1_150' title='bbox 1437 1982 1683 2047; x_wconf 85' lang='lat' dir='ltr'>apostolo—</span> 
     </span>
     <span class='ocr_line' id='line_1_24' title="bbox 263 2060 1681 2126; baseline 0 -19"><span class='ocrx_word' id='word_1_151' title='bbox 263 2079 372 2108; x_wconf 88' lang='lat' dir='ltr'>rum</span> <span class='ocrx_word' id='word_1_152' title='bbox 409 2061 646 2125; x_wconf 59' lang='lat' dir='ltr'>praeconia</span> <span class='ocrx_word' id='word_1_153' title='bbox 679 2061 1037 2125; x_wconf 83' lang='lat' dir='ltr'>magnificante,</span> <span class='ocrx_word' id='word_1_154' title='bbox 1071 2062 1243 2108; x_wconf 85' lang='lat' dir='ltr'>Zaroes</span> <span class='ocrx_word' id='word_1_155' title='bbox 1276 2072 1323 2109; x_wconf 88' lang='lat' dir='ltr'>et</span> <span class='ocrx_word' id='word_1_156' title='bbox 1352 2060 1571 2119; x_wconf 86' lang='lat' dir='ltr'>Arfaxat,</span> <span class='ocrx_word' id='word_1_157' title='bbox 1598 2062 1681 2126; x_wconf 91' lang='lat' dir='ltr'>qui</span> 
     </span>
     <span class='ocr_line' id='line_1_25' title="bbox 266 2138 1684 2203; baseline -0.001 -17"><span class='ocrx_word' id='word_1_158' title='bbox 266 2151 402 2186; x_wconf 83' lang='lat' dir='ltr'>erant</span> <span class='ocrx_word' id='word_1_159' title='bbox 426 2157 535 2185; x_wconf 89' lang='lat' dir='ltr'>cum</span> <span class='ocrx_word' id='word_1_160' title='bbox 559 2156 690 2203; x_wconf 83' lang='lat' dir='ltr'>rege,</span> <span class='ocrx_word' id='word_1_161' title='bbox 715 2138 939 2202; x_wconf 86' lang='lat' dir='ltr'>apostolis</span> <span class='ocrx_word' id='word_1_162' title='bbox 964 2149 1219 2203; x_wconf 87' lang='lat' dir='ltr'>coeperunt</span> <span class='ocrx_word' id='word_1_163' title='bbox 1241 2138 1489 2203; x_wconf 83' lang='lat' dir='ltr'>derogare,</span> <span class='ocrx_word' id='word_1_164' title='bbox 1517 2149 1564 2186; x_wconf 90' lang='lat' dir='ltr'>et</span> <span class='ocrx_word' id='word_1_165' title='bbox 1586 2154 1684 2186; x_wconf 92' lang='lat' dir='ltr'>om-</span> 
     </span>
     <span class='ocr_line' id='line_1_26' title="bbox 268 2216 1682 2275; baseline 0 -13"><span class='ocrx_word' id='word_1_166' title='bbox 268 2234 350 2264; x_wconf 81' lang='lat' dir='ltr'>nes</span> <span class='ocrx_word' id='word_1_167' title='bbox 389 2227 555 2264; x_wconf 86' lang='lat' dir='ltr'>contra</span> <span class='ocrx_word' id='word_1_168' title='bbox 591 2234 695 2272; x_wconf 90' lang='lat' dir='ltr'>eos,</span> <span class='ocrx_word' id='word_1_169' title='bbox 733 2217 821 2262; x_wconf 79' lang='lat' dir='ltr'>nisi</span> <span class='ocrx_word' id='word_1_170' title='bbox 861 2217 971 2263; x_wconf 87' lang='lat' dir='ltr'>deos</span> <span class='ocrx_word' id='word_1_171' title='bbox 1007 2234 1175 2263; x_wconf 90' lang='lat' dir='ltr'>eorum</span> <span class='ocrx_word' id='word_1_172' title='bbox 1209 2216 1486 2275; x_wconf 85' lang='lat' dir='ltr'>adorarent,</span> <span class='ocrx_word' id='word_1_173' title='bbox 1525 2216 1682 2264; x_wconf 88' lang='lat' dir='ltr'>conati</span> 
     </span>
     <span class='ocr_line' id='line_1_27' title="bbox 267 2293 1685 2358; baseline 0.001 -20"><span class='ocrx_word' id='word_1_174' title='bbox 267 2303 379 2338; x_wconf 79' lang='lat' dir='ltr'>sunt</span> <span class='ocrx_word' id='word_1_175' title='bbox 417 2310 734 2340; x_wconf 78' lang='lat' dir='ltr'>commovere.</span> <span class='ocrx_word' id='word_1_176' title='bbox 776 2293 881 2339; x_wconf 84' lang='lat' dir='ltr'>Dux</span> <span class='ocrx_word' id='word_1_177' title='bbox 919 2304 1073 2340; x_wconf 90' lang='lat' dir='ltr'>autem</span> <span class='ocrx_word' id='word_1_178' title='bbox 1113 2310 1203 2358; x_wconf 87' lang='lat' dir='ltr'>pro</span> <span class='ocrx_word' id='word_1_179' title='bbox 1238 2293 1463 2357; x_wconf 90' lang='lat' dir='ltr'>apostolis</span> <span class='ocrx_word' id='word_1_180' title='bbox 1500 2311 1685 2357; x_wconf 87' lang='lat' dir='ltr'>semper</span> 
     </span>
     <span class='ocr_line' id='line_1_28' title="bbox 270 2370 1683 2438; baseline 0.003 -23"><span class='ocrx_word' id='word_1_181' title='bbox 270 2370 390 2417; x_wconf 77' lang='lat' dir='ltr'>benc</span> <span class='ocrx_word' id='word_1_182' title='bbox 412 2371 596 2417; x_wconf 89' lang='lat' dir='ltr'>locutus</span> <span class='ocrx_word' id='word_1_183' title='bbox 617 2381 702 2417; x_wconf 85' lang='lat' dir='ltr'>est.</span> <span class='ocrx_word' id='word_1_184' title='bbox 724 2371 940 2418; x_wconf 88' lang='lat' dir='ltr'>Tandem</span> <span class='ocrx_word' id='word_1_185' title='bbox 964 2373 1010 2418; x_wconf 91' lang='lat' dir='ltr'>in</span> <span class='ocrx_word' id='word_1_186' title='bbox 1032 2373 1283 2436; x_wconf 86' lang='lat' dir='ltr'>praesentia</span> <span class='ocrx_word' id='word_1_187' title='bbox 1300 2373 1422 2438; x_wconf 84' lang='lat' dir='ltr'>regis</span> <span class='ocrx_word' id='word_1_188' title='bbox 1439 2371 1683 2419; x_wconf 88' lang='lat' dir='ltr'>altercatio</span> 
     </span>
     <span class='ocr_line' id='line_1_29' title="bbox 271 2448 1678 2514; baseline 0.002 -23"><span class='ocrx_word' id='word_1_189' title='bbox 271 2457 440 2492; x_wconf 69' lang='lat' dir='ltr'>statuta</span> <span class='ocrx_word' id='word_1_190' title='bbox 461 2459 544 2493; x_wconf 79' lang='lat' dir='ltr'>est.</span> <span class='ocrx_word' id='word_1_191' title='bbox 568 2448 782 2513; x_wconf 80' lang='lat' dir='ltr'>Cumque</span> <span class='ocrx_word' id='word_1_192' title='bbox 801 2451 923 2513; x_wconf 80' lang='lat' dir='ltr'>magi</span> <span class='ocrx_word' id='word_1_193' title='bbox 946 2450 1100 2514; x_wconf 88' lang='lat' dir='ltr'>palam</span> <span class='ocrx_word' id='word_1_194' title='bbox 1122 2450 1304 2496; x_wconf 87' lang='lat' dir='ltr'>cunctis</span> <span class='ocrx_word' id='word_1_195' title='bbox 1331 2449 1476 2497; x_wconf 89' lang='lat' dir='ltr'>locuti</span> <span class='ocrx_word' id='word_1_196' title='bbox 1501 2459 1678 2505; x_wconf 87' lang='lat' dir='ltr'>essent,</span> 
     </span>
     <span class='ocr_line' id='line_1_30' title="bbox 272 2525 1684 2592; baseline 0 -20"><span class='ocrx_word' id='word_1_197' title='bbox 272 2526 427 2572; x_wconf 89' lang='lat' dir='ltr'>omnis</span> <span class='ocrx_word' id='word_1_198' title='bbox 448 2525 692 2572; x_wconf 78' lang='lat' dir='ltr'>advocatio</span> <span class='ocrx_word' id='word_1_199' title='bbox 709 2536 840 2572; x_wconf 86' lang='lat' dir='ltr'>muta</span> <span class='ocrx_word' id='word_1_200' title='bbox 862 2527 981 2573; x_wconf 83' lang='lat' dir='ltr'>facta</span> <span class='ocrx_word' id='word_1_201' title='bbox 1005 2538 1096 2585; x_wconf 88' lang='lat' dir='ltr'>cst,</span> <span class='ocrx_word' id='word_1_202' title='bbox 1124 2537 1170 2574; x_wconf 90' lang='lat' dir='ltr'>et</span> <span class='ocrx_word' id='word_1_203' title='bbox 1189 2528 1254 2574; x_wconf 92' lang='lat' dir='ltr'>sic</span> <span class='ocrx_word' id='word_1_204' title='bbox 1272 2527 1476 2592; x_wconf 88' lang='lat' dir='ltr'>spatium</span> <span class='ocrx_word' id='word_1_205' title='bbox 1496 2526 1684 2573; x_wconf 87' lang='lat' dir='ltr'>transiit</span> 
     </span>
     <span class='ocr_line' id='line_1_31' title="bbox 271 2601 1682 2667; baseline 0.001 -20"><span class='ocrx_word' id='word_1_206' title='bbox 271 2601 370 2648; x_wconf 88' lang='lat' dir='ltr'>fere</span> <span class='ocrx_word' id='word_1_207' title='bbox 393 2601 532 2647; x_wconf 87' lang='lat' dir='ltr'>unius</span> <span class='ocrx_word' id='word_1_208' title='bbox 557 2601 688 2649; x_wconf 81' lang='lat' dir='ltr'>horae</span> <span class='ocrx_word' id='word_1_209' title='bbox 721 2614 774 2648; x_wconf 86' lang='lat' dir='ltr'>ut</span> <span class='ocrx_word' id='word_1_210' title='bbox 802 2603 961 2649; x_wconf 89' lang='lat' dir='ltr'>nullus</span> <span class='ocrx_word' id='word_1_211' title='bbox 986 2622 1041 2650; x_wconf 87' lang='lat' dir='ltr'>ex</span> <span class='ocrx_word' id='word_1_212' title='bbox 1064 2604 1152 2660; x_wconf 88' lang='lat' dir='ltr'>eis,</span> <span class='ocrx_word' id='word_1_213' title='bbox 1183 2603 1265 2667; x_wconf 89' lang='lat' dir='ltr'>qui</span> <span class='ocrx_word' id='word_1_214' title='bbox 1286 2601 1466 2649; x_wconf 86' lang='lat' dir='ltr'>dudum</span> <span class='ocrx_word' id='word_1_215' title='bbox 1489 2602 1682 2650; x_wconf 90' lang='lat' dir='ltr'>clamosi</span> 
     </span>
     <span class='ocr_line' id='line_1_32' title="bbox 274 2679 1679 2746; baseline 0 -20"><span class='ocrx_word' id='word_1_216' title='bbox 274 2690 320 2726; x_wconf 87' lang='lat' dir='ltr'>et</span> <span class='ocrx_word' id='word_1_217' title='bbox 358 2679 632 2744; x_wconf 81' lang='lat' dir='ltr'>eloquentes</span> <span class='ocrx_word' id='word_1_218' title='bbox 669 2682 942 2739; x_wconf 72' lang='lat' dir='ltr'>extiterint,</span> <span class='ocrx_word' id='word_1_219' title='bbox 961 2681 1160 2746; x_wconf 81' lang='lat' dir='ltr'>··aliquid</span> <span class='ocrx_word' id='word_1_220' title='bbox 1202 2690 1359 2744; x_wconf 86' lang='lat' dir='ltr'>posset</span> <span class='ocrx_word' id='word_1_221' title='bbox 1396 2681 1679 2744; x_wconf 88' lang='lat' dir='ltr'>exprimere.</span> 
     </span>
     <span class='ocr_line' id='line_1_33' title="bbox 274 2756 1681 2821; baseline 0.003 -21"><span class='ocrx_word' id='word_1_222' title='bbox 274 2756 452 2803; x_wconf 82' lang='lat' dir='ltr'>Deinde</span> <span class='ocrx_word' id='word_1_223' title='bbox 471 2756 600 2820; x_wconf 83' lang='lat' dir='ltr'>loqui</span> <span class='ocrx_word' id='word_1_224' title='bbox 621 2774 645 2802; x_wconf 85' lang='lat' dir='ltr'>a</span> <span class='ocrx_word' id='word_1_225' title='bbox 667 2759 812 2820; x_wconf 74' lang='lat' dir='ltr'>magis</span> <span class='ocrx_word' id='word_1_226' title='bbox 833 2758 1045 2821; x_wconf 87' lang='lat' dir='ltr'>permissi</span> <span class='ocrx_word' id='word_1_227' title='bbox 1063 2766 1200 2814; x_wconf 89' lang='lat' dir='ltr'>sunt,</span> <span class='ocrx_word' id='word_1_228' title='bbox 1221 2756 1299 2804; x_wconf 89' lang='lat' dir='ltr'>sed</span> <span class='ocrx_word' id='word_1_229' title='bbox 1320 2756 1561 2813; x_wconf 78' lang='lat' dir='ltr'>ambulare</span> <span class='ocrx_word' id='word_1_230' title='bbox 1581 2773 1681 2805; x_wconf 86' lang='lat' dir='ltr'>non</span> 
     </span>
    </p>
   </div>
  </div>
 </body>
</html>
