1738 3043
206 229 256 267 94
571 222 814 262 HISTORIA
844 221 1246 262 ECCLESIASTICA.

209 317 432 371 tanquam
452 303 598 367 pisces
615 301 671 349 de
696 300 859 366 pelago
883 300 1048 348 solitus
1067 300 1221 347 suerat
1238 299 1482 347 extrahere
1504 302 1616 348 retis

207 381 496 435 ministeri03
525 380 589 425 sic
618 389 828 426 errantes
856 379 913 426 de
936 378 1213 442 ignorantiae
1245 388 1390 441 puteo
1413 377 1470 424 ad
1494 395 1617 426 verae

210 462 314 508 {idei
335 459 618 507 soliditatem
637 457 866 522 pertraxit
887 467 1061 503 sanctae
1080 455 1429 520 praedicationis
1445 457 1615 504 officio.

209 539 345 586 Unde
369 553 708 584 conversorum
734 536 833 599 ipso
856 535 931 582 die
960 535 1047 581 tria
1079 534 1226 580 millia
1254 533 1538 599 baptizavit,
1574 546 1621 582 et

209 625 488 663 vetustatem
513 612 711 659 carnalis
741 613 852 660 vitae
880 612 1205 677 relinquentes
1240 613 1289 658 in
1322 629 1503 659 novum
1531 612 1622 661 ho-

210 693 389 739 minem
417 690 662 738 renovavit
681 690 724 754 (ι
738 689 776 752 ).

275 769 437 815 ΧΧΙΙ.
475 769 594 814 Ecce
606 779 637 823 ,·
647 768 842 829 juvante
874 764 1001 822 Deo,
1037 764 1315 828 simpliciter
1344 775 1622 830 prosecutus

212 864 315 892 sum
358 844 766 892 continuationem
809 841 1060 907 quamdam
1098 860 1121 887 a
1164 842 1411 890 nativitate
1447 843 1622 889 Christi

211 940 359 987 usquc
381 921 438 968 ad
458 920 711 968 adventum
733 920 936 984 Spiritus
958 919 1173 965 Paracliti
1191 955 1203 976 ‚
1239 929 1285 966 et
1315 919 1497 985 singula
1525 919 1623 966 Sal-

212 1000 387 1046 vatoris
411 997 635 1044 miracula
655 1016 710 1044 cx
729 996 1005 1060 evangelicis
1030 995 1270 1042 codicibus
1293 997 1502 1044 seriatim
1523 995 1626 1044 bre-

212 1079 428 1143 viterque
453 1076 686 1140 congessi,
713 1084 856 1138 prout
878 1074 973 1138 ipse
995 1073 1254 1120 secundum
1277 1074 1625 1122 intellectulum

212 1173 372 1204 meum
417 1155 634 1219 indagare
676 1153 808 1217 potui
829 1188 841 1210 ,
888 1152 983 1199 sive
1026 1151 1231 1199 dicacem
1273 1152 1593 1217 Augustinum
1610 1187 1623 1208 ‚

212 1235 421 1298 aliosque
443 1232 663 1279 doctores
688 1240 888 1278 sectatus
908 1229 1117 1276 caraxavi
1139 1229 1231 1293 (2).
1259 1229 1314 1275 In
1339 1228 1428 1276 hoc
1458 1245 1629 1294 nempe

213 1311 440 1359 sedimine
466 1308 581 1356 mihi
606 1309 815 1372 meisque
839 1306 1072 1353 similibus
1097 1305 1316 1372 prodesse
1343 1307 1501 1353 curavi
1527 1327 1537 1353 ε
1565 1306 1629 1354 eis

213 1391 408 1450 scilicet,
426 1389 506 1453 qui
524 1386 759 1452 profunda
771 1385 1025 1434 doctorum
1043 1385 1320 1450 prolixaque
1336 1385 1499 1431 rimari
1510 1384 1631 1431 fasti·

213 1467 369 1522 diunt,
387 1464 604 1512 conferre
622 1462 784 1510 volens
801 1462 977 1527 aliquid
995 1461 1331 1518 emolumenti;
1354 1460 1469 1508 dum
1483 1460 1631 1508 domi-

214 1544 317 1590 nica
342 1541 567 1588 miracula
592 1558 676 1605 per
696 1551 900 1605 quatuor
925 1538 1071 1586 libros
1090 1538 1255 1585 diffusa
1274 1539 1597 1604 compaginavi
1613 1575 1627 1596 ,

214 1632 260 1669 et
287 1622 334 1667 in
354 1619 485 1667 brevi
515 1629 646 1666 tomo
668 1618 946 1665 examussim
967 1617 1165 1664 collecta
1183 1618 1425 1664 annotavi.
1448 1617 1627 1673 Porro,

216 1716 565 1763 nonnunquam
595 1697 753 1745 eadem
777 1695 945 1753 verba,
975 1713 1081 1761 quae
1108 1695 1155 1742 in
1187 1695 1321 1742 libris
1347 1695 1632 1743 authenticis

215 1776 452 1833 videbam,
469 1775 629 1822 avidus
651 1774 778 1821 hausi
792 1793 802 1831 3
817 1774 1099 1839 plerumque
1113 1790 1225 1821 vero
1239 1772 1483 1821 brevitatis
1499 1791 1631 1820 causa

215 1854 446 1900 dictatum
468 1853 673 1912 mutavi,
701 1851 780 1899 sed
806 1851 1031 1898 invictam
1056 1852 1303 1899 veritatem
1327 1851 1505 1915 ubique
1529 1868 1632 1898 sec-

217 1932 305 1978 tari
341 1947 640 1994 summopere
670 1928 905 1984 laboravi,
931 1946 1018 1977 nec
1041 1927 1099 1975 ab
1129 1928 1398 1976 authentica
1422 1945 1634 1994 unquam

216 2019 386 2073 sponte
409 2007 640 2055 sententia
668 2005 949 2055 exorbitavi.

281 2085 436 2142 Nunc,
454 2085 563 2150 quia
577 2094 753 2131 certam
769 2083 994 2148 proposui
1011 2080 1436 2147 chronographiam
1453 2082 1631 2146 scripto

216 2162 478 2226 protelare,
518 2171 572 2208 ut
601 2162 766 2209 lectori
797 2161 965 2207 clarius
995 2170 1152 2224 pateat
1179 2160 1299 2207 ordo
1331 2169 1626 2224 temporum,

218 2239 434 2303 quaedam
450 2238 565 2285 libet
583 2239 806 2294 inserere,
825 2255 932 2302 quae
949 2237 1131 2301 antiqui
1149 2246 1303 2300 patres
1323 2236 1371 2282 in
1391 2236 1631 2301 opusculis

218 2317 312 2361 suis
335 2316 586 2363 ediderunt
604 2315 660 2362 de
686 2315 845 2362 eadem
870 2333 937 2362 re.
966 2314 1197 2361 Eusebius
1220 2316 1348 2363 enim
1374 2315 1630 2364 Caesarien-

266 2493 417 2535 (1)Act.
438 2497 552 2536 apost.
577 2502 627 2532 11,
654 2492 748 2532 1-41.

264 2552 316 2597 (2)
342 2552 442 2586 Ainsi
462 2563 532 2597 que
552 2558 654 2584 notre
678 2558 808 2585 auteur
826 2550 867 2584 l’a
886 2549 1027 2585 ‹lc-clare
1045 2550 1244 2594 ci-dessus,
1274 2551 1360 2586 c’est
1378 2549 1629 2598 particuliere-

219 2617 320 2644 ment
340 2609 427 2643 «lans
443 2609 474 2643 le
494 2610 598 2643 traite
617 2609 660 2642 dc
676 2610 769 2643 saint
787 2609 969 2656 Augustin
988 2625 993 2643 ι
1013 2610 1068 2644 De
1089 2623 1268 2644 consensu
1283 2610 1625 2657 Evangelislamm,

219 2668 303 2715 qn'il
320 2681 338 2702 a
353 2668 454 2715 puisc'¹
475 2666 522 2701 les
543 2669 740 2701 niateriaux
755 2667 799 2701 de
818 2674 911 2702 cette
925 2668 1126 2715 exposition
1145 2667 1190 2703 de
1207 2668 1240 2703 la
1257 2668 1312 2703 vie
1325 2667 1370 2703 de
1382 2667 1628 2703 Jesus-Christ

219 2729 280 2774 qni
302 2740 437 2774 occupe
453 2727 504 2761 les
518 2727 619 2773 vingt
633 2734 669 2762 et
685 2739 734 2761 un
753 2728 935 2774 chapitres
952 2727 1179 2774 precedents.
