1738 3043
175 316 251 355 166
540 312 782 352 HISTORIA
811 313 1212 352 ECCLESIASTICA.

237 394 399 442 Mense
416 392 542 439 maio
556 428 568 448 ,
590 392 705 440 seria
730 401 798 439 νι*Ι
819 394 1005 458 sanguis
1030 410 1170 457 super
1184 392 1425 457 operarios
1437 393 1578 458 pluit.

172 471 352 520 Eodem
376 487 503 516 anno
521 506 534 526 ‚
574 487 734 517 mense
761 469 1045 534 septembri,
1073 469 1338 517 liudovicus
1369 487 1451 518 rex
1476 481 1587 535 post

174 548 346 595 multas
363 545 696 594 tribulationes
718 557 935 595 mortuus
961 557 1052 603 cst,
1076 557 1121 594 et
1140 547 1298 594 Remis
1325 547 1373 594 in
1397 547 1585 595 basilica

176 629 333 676 Sancti
354 629 553 692 Remigii
572 628 782 692 sepultus
802 639 871 676 est
892 629 986 692 (i).
1012 627 1261 676 Lotharius
1279 638 1437 676 autem
1462 628 1587 676 filius

176 710 272 772 ejus
297 707 456 754 Remis
486 707 532 753 in
560 724 716 771 regem
746 716 918 753 unctus
942 716 1037 763 est,
1067 717 1113 753 et
1138 723 1204 752 vn
1232 706 1368 752 annis
1395 716 1588 754 strenue

175 801 325 849 regno
349 785 530 849 potitus
563 793 648 831 est.
677 784 814 830 Tunc
839 783 977 847 Hugo
1008 784 1206 848 Magnus
1238 783 1590 831 Aurelianensis

175 862 269 909 dux
308 863 602 909 Francorum
620 898 633 919 ‚
680 862 861 908 cunctis
905 861 1184 925 proceribus
1223 861 1476 909 sublimior
1515 861 1591 909 di-

175 941 300 987 vitiis
317 951 363 987 et
381 941 596 1004 potentia
616 940 782 1004 viguit.
808 940 894 985 Hic
914 939 1059 986 filiam
1080 940 1271 988 Ottonis
1292 940 1590 1005 imperatoris

177 1021 426 1084 conjugem
446 1017 611 1064 habuit
626 1053 636 1071 ‚
663 1035 772 1082 quae
795 1027 886 1063 tres
902 1017 942 1063 ei
968 1016 1090 1064 filios
1106 1018 1316 1081 peperit,
1339 1018 1589 1083 Hugonem

177 1107 224 1144 et
246 1097 473 1144 Ottonem
498 1107 544 1143 et
571 1096 856 1152 Henricum,
886 1105 933 1142 et
959 1094 1102 1142 filiam
1127 1096 1324 1143 nomine
1342 1098 1587 1153 Emmam,

176 1193 283 1241 quae
305 1173 541 1221 Richardo
560 1175 734 1221 seniori
761 1173 1154 1221 Normannorum
1175 1174 1281 1221 duci
1302 1175 1488 1239 nupsit,
1514 1172 1593 1221 sed

176 1253 276 1298 sine
298 1251 460 1298 liberis
483 1250 607 1298 obiit
630 1251 723 1314 (2).

242 1329 461 1378 Secundo
484 1345 612 1376 anno
631 1327 841 1376 Lotharii
862 1329 984 1393 regis
998 1363 1011 1385 ‚
1033 1345 1193 1375 mense
1217 1338 1436 1394 augusto,
1456 1329 1595 1393 Hugo

180 1407 382 1471 Magnus
393 1406 592 1452 Pictavis
610 1405 850 1451 civitatem
867 1403 1069 1451 obsedit.
1085 1404 1174 1451 Sed
1192 1405 1441 1462 Dominus,
1456 1404 1597 1451 meri-

180 1485 239 1530 tis
250 1483 395 1529 sancti
411 1483 572 1529 llilarii
585 1482 800 1546 praesulis
811 1492 858 1529 et
874 1482 1063 1546 patroni
1081 1482 1285 1546 ejusdem
1297 1481 1447 1540 urbis,
1467 1482 1597 1529 terri-

181 1560 344 1606 biliter
358 1560 586 1606 intonuit.
608 1557 870 1607 Vehemens
885 1569 1041 1605 autem
1058 1558 1201 1605 turbo
1219 1559 1509 1624 papilionem
1521 1558 1598 1606 du-

183 1638 247 1684 cis
262 1637 501 1701 disripuit,
521 1637 768 1701 ipsumque
784 1653 893 1682 cum
911 1636 1120 1683 exercitu
1137 1653 1222 1684 suo
1238 1647 1407 1701 stupor
1422 1636 1598 1683 nimius

184 1716 378 1771 invasit,
408 1725 457 1762 et
482 1715 640 1761 statim
664 1714 721 1761 ab
747 1713 878 1760 urbis
904 1713 1153 1762 obsidione
1177 1715 1358 1780 fugavit
1383 1716 1474 1780 (3).
1503 1715 1599 1762 Eo-

184 1925 361 1959 cherclicr
380 1937 429 1958 un
444 1923 570 1970 refuge
586 1924 716 1970 auprcs
729 1923 778 1957 du
792 1930 911 1958 comte
925 1923 970 1959 de
983 1925 1141 1960 Vienne.
1158 1925 1273 1960 Notre
1289 1932 1420 1961 auteur
1436 1932 1602 1961 remonte

185 1985 326 2019 ensuite
340 1984 484 2031 jusqu'a
503 1983 534 2017 la
553 1982 696 2017 bataillc
715 1982 759 2017 de
777 1983 942 2018 Soissons
962 1982 1021 2026 (15
1038 1984 1121 2029 juin
1137 1983 1234 2032 923).

232 2045 282 2088 (1)
307 2043 376 2078 Ces
394 2043 489 2076 deux
507 2043 756 2085 evenements,
777 2041 867 2076 dont
885 2042 916 2077 le
931 2043 1022 2077 rccit
1035 2049 1089 2078 est
1102 2044 1298 2091 emprunte
1311 2045 1331 2078 a
1349 2042 1382 2078 la
1400 2043 1604 2092 chronique

187 2104 377 2149 d'Hugues
402 2102 448 2137 de
467 2102 608 2144 Fleuri,
629 2102 719 2136 ainsi
743 2102 879 2149 qu’une
899 2101 1034 2149 grande
1057 2103 1173 2149 partie
1190 2103 1236 2138 de
1257 2115 1297 2138 ce
1320 2102 1384 2151 qui
1402 2115 1443 2137 va
1460 2103 1597 2147 suivre,

185 2162 465 2210 appartiennent
492 2165 512 2197 a
537 2162 675 2197 l'annee
700 2160 783 2208 954.
809 2161 1178 2198 Louis-d'Outremer
1197 2169 1347 2197 mourut
1371 2164 1391 2197 ὲ
1416 2162 1540 2198 Reims
1564 2162 1599 2198 le

192 2238 229 2257 io
248 2222 472 2270 septembre,
492 2229 528 2257 et
546 2222 661 2256 futen
681 2221 764 2256 effet
781 2223 926 2257 enterre
945 2221 1034 2257 dans
1051 2222 1186 2269 l’eglise
1205 2222 1446 2258 Saint-Remi.

231 2284 281 2327 (2)
310 2284 356 2317 Le
378 2284 433 2316 roi
455 2282 626 2317 Lothaire
649 2282 743 2316 avait
764 2282 875 2316 treize
898 2294 960 2317 ans
983 2282 1147 2330 lorsqu’il
1170 2283 1225 2317 sut
1252 2285 1351 2318 sacre
1372 2284 1392 2318 ἐι
1417 2283 1543 2318 Reims
1565 2282 1599 2318 le

191 2355 228 2376 ιι
248 2342 443 2375 novembre
460 2340 541 2388 954.
563 2342 610 2376 La
627 2341 741 2376 dureo
759 2341 804 2376 de
823 2353 886 2375 son
905 2342 1018 2388 regne
1036 2342 1092 2377 n'a
1110 2354 1171 2389 pas
1190 2345 1247 2378 ete
1264 2343 1309 2379 de
1327 2350 1424 2391 sept,
1445 2343 1536 2379 mais
1553 2343 1599 2378 de

187 2409 305 2437 trente
325 2408 362 2434 et
382 2413 430 2435 un
450 2413 524 2435 ans.

233 2460 493 2504 Hugues-le-(E
501 2458 589 2493 rand
603 2487 611 2502 ‚
632 2459 703 2493 duc
724 2459 769 2494 de
788 2459 924 2494 France
938 2466 974 2494 ct
988 2460 1034 2495 de
1052 2460 1289 2508 Bourgogne,
1305 2468 1424 2497 comte
1438 2461 1483 2497 de
1498 2461 1599 2497 Paris

187 2529 222 2556 ot
246 2519 459 2561 ‹lot-leam,
489 2519 602 2565 figura
631 2531 692 2553 sur
716 2519 748 2553 la
772 2520 876 2553 scene
904 2519 1082 2568 politique
1102 2520 1231 2568 depuis
1255 2533 1323 2570 922
1343 2521 1488 2569 jusqu'a
1505 2519 1595 2569 956,

187 2583 327 2627 cpoque
353 2578 398 2612 de
423 2590 458 2612 sa
481 2586 590 2612 mort.
618 2578 668 2612 De
693 2590 728 2612 sa
754 2578 938 2613 troisiceme
958 2579 1091 2614 semme
1119 2579 1298 2615 Hadwide
1323 2592 1371 2615 ou
1395 2579 1596 2627 Hadwige,

188 2652 285 2674 soeur
303 2646 339 2674 et
357 2651 428 2673 non
449 2650 509 2684 pas
530 2638 599 2672 fille
617 2637 662 2672 (le
681 2638 898 2685 l'empereur
914 2638 1031 2674 Otton
1046 2640 1102 2684 1²¹,
1125 2639 1148 2673 il
1167 2647 1230 2674 eut
1244 2652 1317 2674 non
1335 2639 1536 2675 seulement
1547 2638 1599 2674 les

186 2705 315 2745 quatre
334 2696 476 2731 ‹fnsants
496 2696 723 2731 mentionnes
743 2697 809 2740 ici,
838 2697 927 2731 mais
949 2709 1081 2733 encore
1108 2709 1178 2732 unc
1199 2697 1269 2732 fille
1288 2697 1409 2741 aiace,
1431 2699 1600 2732 nominee

192 2758 345 2792 [lentrix.

233 2816 281 2862 (3¹¹
308 2818 358 2852 Ce
375 2817 463 2851 n'cst
480 2817 579 2863 point
596 2815 685 2850 daus
704 2815 733 2850 la
753 2815 960 2860 dcuxiemt‘,
979 2818 1066 2852 mais
1081 2817 1168 2852 dans
1182 2816 1212 2852 la
1229 2818 1406 2865 premiere
1420 2819 1532 2853 annc‘e
1546 2816 1596 2852 du
