1738 3043
247 248 323 286 :304
619 245 863 284 nlsToRIA
893 245 1296 287 ECCLESIASTICA.

247 329 359 375 dum
397 325 787 390 compelleretur,
830 326 993 391 ingens
1032 326 1176 374 draco
1217 329 1274 375 (le
1311 327 1475 376 subtus
1518 329 1667 379 basim

249 417 415 452 statuae
457 404 599 460 exiit,
645 413 692 450 et
734 403 882 450 filium
924 404 1167 468 pontificis
1185 440 1197 462 ,
1242 406 1325 470 qui
1368 407 1669 455 ministrabat

250 486 406 548 ignem
429 481 671 538 sacrificii,
705 482 960 546 percussit,
997 481 1114 529 duos
1139 482 1281 529 etiam
1311 482 1558 543 tribunos,
1585 487 1665 550 qui

246 562 398 609 eidem
421 560 682 626 proxinciae
703 569 965 625 praeerant,
987 578 1197 625 quorum
1221 561 1437 608 officiales
1454 574 1667 610 sanctum

246 638 520 704 Philippum
550 637 820 703 apostolum
855 638 902 684 in
935 638 1137 684 vinculis
1175 638 1414 686 tenebant.
1452 640 1521 687 De
1552 639 1669 687 flatu

245 730 405 766 autem
431 717 651 764 draconis
674 733 839 764 omnes
864 715 1071 763 morbidi
1096 715 1267 763 redditi
1293 726 1433 775 sunt,
1459 727 1506 765 et
1527 717 1666 766 vehe-

246 807 432 845 menter
463 806 694 859 aegrotare
729 804 1000 858 coeperunt.
1045 795 1183 841 Tunc
1218 795 1466 861 Philippus
1503 813 1668 844 omnes

245 875 494 922 admonuit
521 884 574 919 ut
595 875 642 920 in
669 873 932 919 Dominum
953 871 1229 931 crederent,
1257 884 1303 922 et
1326 874 1531 922 Martem
1554 875 1666 939 deji-

247 954 422 1000 cientes
458 952 848 1015 confringerent3
891 951 937 996 in
973 951 1080 997 loco
1113 961 1296 1010 autem,
1337 953 1385 999 in
1414 969 1513 1018 quo
1547 953 1667 1000 fixus

243 1043 366 1078 stare
394 1029 669 1085 videbatur,
709 1046 902 1075 crucem
930 1029 1122 1075 Domini
1157 1030 1400 1095 affigerent
1437 1042 1484 1078 et
1520 1031 1666 1096 ipsam

245 1111 516 1157 adorarent.
544 1107 724 1154 Deinde
748 1106 916 1171 adjecit
945 1106 1076 1172 quod
1099 1108 1135 1153 si
1165 1106 1267 1154 haec
1294 1119 1567 1173 agerentur,
1602 1110 1667 1155 in-

241 1188 366 1235 firmi
397 1197 701 1240 sanarentur,
735 1186 913 1232 mortui
951 1185 1370 1244 resuscitarentur,
1403 1196 1450 1234 et
1475 1185 1666 1235 lethifer

242 1266 385 1313 draco
407 1266 454 1311 in
472 1264 669 1312 nomine
685 1265 795 1310 Jesu
813 1262 987 1310 Christi
1010 1262 1273 1328 fugaretur.
1302 1264 1441 1310 Tunc
1461 1263 1558 1322 illi,
1581 1265 1663 1330 qui

242 1343 597 1396 cruciabantur,
621 1341 787 1388 dolore
807 1341 955 1388 eoacti
981 1341 1180 1388 clamare
1198 1352 1454 1406 coeperunt
1477 1361 1487 1388 ε
1509 1343 1666 1390 Recu-

236 1435 428 1488 peretur
452 1423 501 1467 in
531 1419 666 1467 nobis
689 1421 864 1476 virtus,
901 1430 945 1465 et
977 1418 1105 1465 lzunc
1127 1419 1336 1466 Martem
1358 1419 1660 1485 dejiciemus.

241 1502 385 1546 Facto
418 1499 575 1563 itaque
605 1496 824 1552 silentio,
859 1495 1100 1559 apostolus
1128 1496 1358 1560 praecepit
1380 1495 1577 1542 draconi
1610 1506 1664 1542 ut

242 1579 462 1643 protinus
481 1575 783 1639 egrederetur
803 1574 850 1619 in
873 1574 1069 1620 nomine
1093 1574 1316 1630 Domini3
1345 1583 1390 1621 et
1416 1573 1588 1621 vadens
1612 1575 1660 1620 in

243 1654 481 1701 desertum
522 1651 702 1698 nemini
746 1659 971 1706 noceret,
1015 1660 1062 1697 et
1101 1650 1149 1695 in
1190 1649 1296 1696 loco
1335 1649 1418 1695 ubi
1455 1667 1661 1697 accessus

242 1731 494 1778 hominum
518 1746 616 1775 non
643 1737 734 1783 est,
762 1725 1013 1773 habitaret.
1047 1727 1186 1772 Tunc
1210 1726 1491 1772 saevissimus
1518 1726 1660 1773 draco

241 1809 386 1856 exivit
421 1820 462 1854 et
506 1806 787 1852 festinanter
825 1803 954 1850 abire
986 1803 1137 1867 coepit
1177 1813 1224 1850 et
1262 1803 1387 1850 ultra
1426 1822 1659 1869 nusquam

239 1887 522 1952 comparuit.
551 1884 806 1949 Apostolus
832 1895 988 1930 autem
1018 1882 1169 1929 filium
1202 1882 1468 1946 pontificis,
1499 1893 1545 1931 et
1572 1884 1660 1930 tri-

241 1967 419 2022 bunos,
446 1968 525 2030 qui
547 1963 724 2009 mortui
750 1962 966 2019 fuerant,
997 1962 1044 2007 in
1073 1961 1269 2008 nomine
1294 1962 1487 2009 Domini
1513 1966 1660 2009 susci-

240 2045 380 2099 tavit,
404 2058 691 2105 omnemque
713 2039 901 2085 turbam
916 2075 928 2096 ,
954 2057 1061 2103 quae
1082 2037 1297 2087 morbida
1317 2049 1440 2096 erat,
1469 2040 1656 2087 sanitati

237 2122 462 2169 restituit.
483 2119 702 2166 Universi
726 2136 837 2182 ergo
863 2117 944 2182 qui
966 2116 1239 2180 Philippum
1259 2117 1528 2180 apostolum
1547 2135 1657 2181 per-

238 2199 383 2247 secuti
415 2208 527 2244 sunt
555 2196 893 2260 poenitentiam
913 2205 1135 2259 egerunt,
1165 2204 1212 2241 et
1238 2193 1380 2241 deum
1410 2194 1537 2242 hunc
1561 2212 1655 2242 esse

235 2288 455 2342 putantes
479 2275 673 2321 adorare
701 2273 973 2319 voluerunt.
998 2273 1100 2335 Ipse
1118 2282 1275 2318 autem
1294 2290 1379 2336 per
1399 2289 1550 2318 unum
1571 2290 1656 2318 an-

242 2373 356 2402 num
391 2371 468 2400 eos
493 2353 672 2416 jugiter
700 2349 887 2408 docuit,
924 2350 1083 2413 eisque
1114 2349 1336 2395 notitiam
1367 2350 1536 2395 summi
1567 2350 1653 2396 Dei

238 2433 435 2480 solerter
474 2428 757 2484 insinuavit,
801 2438 847 2474 et
879 2428 1038 2473 omnia
1082 2445 1189 2490 quae
1229 2426 1285 2473 ad
1319 2443 1479 2474 veram
1511 2427 1653 2475 fidem

235 2509 477 2573 pertinent
508 2507 737 2551 instanter
760 2505 805 2550 in
825 2504 1047 2550 cordibus
1067 2503 1361 2550 credentium
1383 2504 1647 2550 seminavit.

235 2586 381 2633 Multa
401 2584 544 2647 igitur
562 2582 706 2627 millia
728 2581 977 2628 hominnm
996 2580 1323 2637 crediderunt,
1347 2591 1393 2627 et
1411 2579 1468 2626 ab
1486 2581 1649 2628 codem

233 2661 447 2728 apostolo
473 2659 692 2723 baptizati
722 2670 849 2704 sunt.

297 2740 539 2804 Philippus
573 2739 725 2801 itaque
760 2737 998 2801 apostolus
1028 2736 1174 2801 gratia
1209 2735 1291 2781 Dei
1319 2734 1648 2799 multipliciter
