1738 3043
272 309 347 347 140
635 306 875 345 HISTORIA
904 307 1307 346 ECCLESIASTICA.

268 390 382 445 ciat;
419 387 744 451 apocrisiarios
781 398 953 434 sanctae
990 405 1200 434 romanae
1232 387 1469 445 ecclesiae,
1506 389 1587 453 qui
1624 390 1680 436 ad

269 468 368 529 ejus
397 463 744 511 correctionem
771 464 898 511 missi
933 465 1144 520 fuerant,
1184 464 1359 527 partim
1384 464 1677 523 carceribus,

269 541 443 606 partim
458 541 625 598 exiliis,
642 542 814 605 partim
838 541 1115 589 verberibus
1134 543 1354 589 afficiens.
1369 542 1457 590 Sed
1476 553 1523 589 et
1536 543 1681 591 altare

269 636 435 666 corum
463 620 511 665 in
535 618 679 667 domo
713 620 929 667 Placidiae
955 631 1186 667 sacratum
1214 622 1262 667 in
1287 620 1545 668 venerabili
1569 638 1681 668 ora-

270 697 380 744 culo
400 696 677 745 subvertens
700 697 924 763 diripuit,
953 698 1211 763 prohibens
1231 717 1308 746 cos
1330 698 1503 747 ibidem
1522 701 1681 747 missas

270 778 523 826 celebrare.
555 777 692 825 Unde
717 788 763 824 ct
789 779 883 843 ipsc
900 815 912 835 ‚
940 780 1059 825 sicut
1078 779 1441 844 przedccessores
1461 780 1602 839 illius,
1621 780 1680 828 ab

268 857 525 920 apostolica
569 855 673 903 sede
702 858 826 920 justa
866 857 1175 921 depositionis
1216 857 1399 905 ultione
1436 857 1680 906 damnatus

267 944 336 980 cst
361 934 454 997 (1).

333 1012 672 1059 Constantinus
709 1012 832 1059 filius
871 1013 1172 1060 Constantini
1210 1014 1344 1061 annis
1381 1031 1554 1060 xxvnt.
1593 1014 1681 1060 Hie

268 1089 488 1153 deceptus
508 1108 530 1135 a
556 1090 728 1146 Paulo,
762 1092 884 1136 sicut
907 1090 1147 1137 Heraclius
1169 1109 1280 1137 ax‘us
1316 1093 1412 1155 ejus
1435 1109 1458 1137 a
1483 1092 1647 1156 Sergio
1662 1127 1674 1148 ,

268 1166 474 1229 ejusdem
498 1167 638 1230 regite
663 1167 865 1212 civitatis
885 1167 1104 1230 episeopo
1120 1203 1133 1224 ,
1161 1167 1379 1231 exposuit
1403 1179 1572 1233 typum
1598 1168 1682 1214 ad-

267 1262 426 1291 versus
451 1245 730 1292 catholicam
752 1244 894 1292 fidem
923 1266 932 1291 ε
958 1262 1044 1292 nec
1066 1263 1210 1292 unam
1224 1281 1237 1303 ,
1266 1263 1354 1292 nec
1376 1245 1489 1292 duas
1505 1245 1681 1294 volun-

270 1333 408 1379 tates,
434 1332 515 1368 aut
546 1323 843 1387 operationes
869 1323 916 1369 in
944 1322 1134 1370 Christo
1161 1322 1390 1370 definiens
1415 1341 1510 1370 esse
1533 1323 1682 1371 eonfi-

268 1401 455 1458 tendas3
485 1403 615 1466 quasi
643 1401 762 1448 nihil
788 1401 928 1458 velle,
963 1402 1035 1448 vel
1069 1402 1281 1466 operari,
1324 1401 1582 1449 credendus
1620 1402 1681 1448 sit

267 1477 499 1524 Christus.
523 1478 659 1525 Unde
683 1478 917 1524 Martinus
936 1495 1077 1542 papa,
1108 1488 1386 1543 congregata
1412 1478 1579 1524 Romae
1598 1496 1681 1543 sy-

268 1554 396 1600 nodo
421 1557 612 1601 centum
640 1555 854 1619 quinque
883 1555 1299 1618 coepiscoporum,
1327 1554 1570 1601 damnavit
1593 1553 1680 1601 sub

267 1631 561 1678 anathemate
588 1631 808 1695 praefatos
833 1631 1038 1696 Cyrum,
1066 1631 1281 1696 Sergium
1306 1641 1352 1678 et
1375 1630 1614 1696 Pyrrhum
1633 1642 1681 1679 et

266 1708 463 1754 Paulum
499 1708 761 1756 haereticos.
788 1709 956 1755 Missus
981 1726 1093 1773 ergo
1117 1719 1226 1774 post
1258 1708 1358 1756 haec
1393 1709 1452 1755 ab
1482 1710 1682 1774 impera-

269 1796 371 1833 tore
397 1785 677 1833 Theodorus
711 1785 960 1843 exarchus,
999 1786 1110 1832 tulit
1142 1787 1403 1833 Martinam
1428 1804 1599 1850 papam
1621 1787 1678 1834 de

267 1864 456 1910 eeclesia
504 1863 897 1911 Constantiniana
914 1899 927 1920 ,
972 1864 1287 1928 perduxitque
1331 1864 1679 1912 Constantino-

265 1942 431 2004 polim.
461 1941 551 2001 Qui
572 1952 678 2005 post
699 1940 799 1988 haec
824 1941 1054 2005 relegatus
1074 1941 1362 1988 Cliersonam
1376 1977 1388 1998 ,
1420 1940 1595 1989 ibidem
1614 1943 1680 1988 vi-

268 2029 363 2065 tam
400 2018 585 2076 finivit,
624 2019 785 2066 multis
825 2020 871 2064 in
918 2019 1080 2066 eodem
1124 2019 1230 2066 loeo
1269 2021 1503 2066 virtutum
1533 2021 1678 2086 signis

265 2115 413 2162 usque
427 2095 566 2144 hodie
580 2097 834 2162 refulgens.
851 2098 989 2144 Facta
1007 2109 1075 2144 est
1089 2116 1143 2143 an
1152 2108 1244 2145 tem
1261 2098 1453 2162 praefata
1471 2098 1675 2161 synodus

309 2336 359 2379 (ι)
384 2336 437 2378 (ιι
459 2333 653 2368 sex-1·ier·25
669 2335 739 2368 mai
757 2333 852 2378 641).
873 2333 988 2368 Noti-e
1013 2339 1142 2367 auteur
1159 2333 1241 2367 s'est
1261 2333 1336 2368 sort
1352 2333 1569 2369 emhrouille
1585 2335 1675 2371 dans

263 2401 356 2429 cette
386 2395 501 2440 partie
530 2393 575 2427 dc
606 2405 658 2427 ses
685 2400 786 2427 notes
810 2392 1128 2440 clironologiqucs.
1160 2392 1257 2427 Bede
1284 2392 1333 2426 lui
1362 2406 1407 2428 cn
1436 2395 1530 2429 avait
1552 2394 1674 2431 donne

261 2452 450 2499 l’exemple
469 2465 512 2486 en
539 2452 680 2499 placant
707 2452 896 2486 Ilei-aelius
915 2453 1153 2494 Constantia,
1174 2451 1265 2486 dont
1290 2451 1314 2486 il
1343 2452 1447 2500 s’agit
1475 2453 1538 2496 ici,
1569 2455 1673 2501 apres

262 2513 520 2555 Heracleonas‚
541 2525 604 2547 son
624 2513 716 2547 sris-rc
731 2514 857 2559 puina,
881 2514 969 2547 mais
987 2525 1033 2547 au
1049 2513 1165 2547 moins
1180 2513 1212 2547 le
1226 2512 1334 2547 snit-il
1354 2512 1407 2547 sils
1425 2512 1669 2559 &Hei-aelius,

263 2572 381 2607 tandis
398 2572 620 2619 qu'Ordvric
637 2584 727 2607 nous
749 2572 782 2606 le
800 2571 921 2607 donne
940 2584 1080 2606 comme
1106 2572 1201 2607 frere
1225 2571 1270 2606 de
1289 2584 1329 2606 ce
1347 2572 1484 2618 prince.
1503 2571 1593 2606 Paul
1615 2573 1669 2616 ΙΙ,

263 2644 469 2668 successeur
487 2632 531 2666 de
546 2633 708 2676 Pyrrhus
726 2644 787 2666 sur
801 2632 834 2667 le
851 2633 947 2680 siege
961 2632 1006 2667 de
1021 2631 1341 2678 Constantinople‚
1361 2631 1417 2665 sut
1435 2630 1569 2678 depose'
1582 2631 1671 2668 dans

261 2693 294 2728 le
313 2692 450 2727 concile
476 2691 521 2727 dc
546 2692 636 2735 04'8,
657 2692 747 2727 dont
772 2705 864 2727 nous
888 2705 1022 2728 venons
1049 2692 1093 2727 de
1118 2691 1260 2739 parler3
1290 2691 1395 2732 mais,
1423 2697 1578 2726 soutenu
1606 2704 1671 2739 par

261 2752 477 2799 l'cnipereur
495 2751 672 2786 Constant
691 2752 743 2793 ll,
767 2751 790 2785 il
811 2753 982 2786 continua
1003 2751 1195 2797 d’occupcr
1213 2761 1277 2784 son
1295 2749 1412 2795 siege,
1433 2756 1469 2783 et
1482 2751 1670 2796 persecuta

262 2811 311 2845 les
333 2810 557 2856 callioliqucs
571 2811 712 2856 jusqu'a
732 2823 764 2845 sa
784 2818 874 2845 inor!
891 2839 899 2850 ,
921 2812 982 2857 qui
1005 2811 1119 2845 arn-iva
1138 2809 1169 2844 lc
1189 2809 1233 2844 ‘26
1250 2808 1441 2843 decembre
1459 2807 1538 2850 654.
