1738 3043
183 300 252 338 134
542 297 785 336 HISTORIA
817 297 1218 337 ECCLESIASTICA.

178 381 273 443 ipse
317 378 555 442 Augustus
589 375 766 422 librum
809 378 905 440 ejus
923 413 936 436 ‚
969 394 1111 441 quem
1150 376 1207 423 de
1246 377 1594 424 resurrectione

176 457 364 521 scripsit
386 491 398 512 ‚
442 455 534 501 suis
578 471 771 520 quoque
816 453 1059 503 catholicis
1103 454 1464 520 allegationibus
1509 454 1595 503 de-

179 546 383 590 struens,
399 532 682 581 deliberaret
700 532 900 580 {lammis
921 535 1117 580 cremari
1135 533 1366 581 debuisse.
1383 532 1597 581 Docebat

177 613 305 657 enim
336 610 457 657 idem
479 610 695 656 Euticius
720 627 892 675 corpus
915 622 1137 658 nostrum
1162 612 1209 657 in
1246 609 1323 657 illa
1353 626 1598 658 resurrec-

178 690 323 737 tionis
362 689 512 755 gloria
547 689 876 754 impalpabile,
908 699 955 737 et
980 690 1132 737 ventis
1155 707 1353 754 aereque
1376 688 1598 736 subtilius

177 786 273 815 csse
305 767 550 824 futurum;
586 777 751 814 contra
781 767 897 814 illud
920 767 1217 815 dominicum
1246 788 1255 813 ι
1283 768 1526 834 Palpate,
1555 777 1599 813 et

177 848 337 895 videte
367 848 484 911 quia
510 847 706 911 spiritus
728 864 918 893 carnem
944 857 986 893 et
1010 864 1121 893 ossa
1145 865 1237 892 non.
1266 846 1409 893 habet
1422 882 1439 904 ,
1475 846 1600 892 Sicut

178 944 252 972 me
282 925 455 972 «videtis
484 924 673 972 habere.
709 923 835 971 Gens
860 923 1312 989 Langobardorum,
1340 924 1598 971 comitante

177 1003 300 1050 fame
314 1014 361 1051 et
380 1003 697 1058 mortalitate,
714 1020 909 1050 omnem
926 1002 1106 1049 invadit
1120 1002 1302 1048 Italiam
1323 1037 1334 1058 ,
1359 1002 1600 1066 ipsamque

180 1099 428 1129 romanam
460 1082 686 1127 vastatrix
719 1080 904 1129 obsidet
942 1081 1126 1129 urbem.
1153 1079 1336 1141 Quibus
1368 1091 1485 1127 tunc
1516 1096 1600 1127 rex

180 1170 382 1224 preeerat
409 1158 646 1205 Albuinus
672 1160 760 1223 (1).

246 1238 501 1284 Mauricius
514 1237 651 1283 annis
664 1253 764 1283 xxl.
786 1235 1176 1301 Herminegeldus
1205 1233 1601 1300 Liuvigildiguissi

181 1316 454 1365 Gothorum
470 1317 592 1381 regis
612 1315 763 1375 filius,
783 1315 847 1364 ob
864 1315 970 1363 fidei
997 1314 1242 1363 catholicae
1257 1313 1604 1361 confessionem

184 1392 601 1458 inexpugnabilem
616 1429 628 1449 ,
656 1412 679 1439 a
703 1404 837 1457 patre
861 1393 1066 1441 Arriano
1091 1393 1224 1457 regni
1247 1392 1459 1456 privatus
1480 1389 1606 1436 infu-

183 1473 265 1528 lis,
293 1483 340 1518 et
364 1472 412 1518 in
433 1488 669 1517 carcerem
694 1489 745 1517 ac
760 1471 945 1517 vincula
970 1472 1232 1534 projectus,
1260 1468 1317 1515 ad
1336 1478 1605 1515 extremum

185 1559 328 1598 nocte
343 1548 545 1596 secunda
565 1548 820 1596 (lominicae
834 1548 1197 1595 resurrectionis
1217 1551 1368 1594 securi
1386 1548 1435 1593 in
1454 1547 1606 1610 capite

186 1643 432 1690 percussus
452 1661 463 1680 ‚
489 1642 691 1688 regnum
712 1625 901 1671 coeleste
924 1642 1014 1688 pro
1036 1634 1228 1671 terreno
1252 1641 1335 1670 rex
1357 1634 1404 1670 et
1426 1632 1606 1686 martyr

186 1705 398 1752 intravit.
444 1703 587 1767 Cujus
625 1701 772 1749 frater
812 1701 1135 1758 Recharedus,
1166 1707 1290 1749 'mox
1322 1711 1376 1747 ut
1405 1717 1607 1766 regnum

186 1793 295 1846 post
312 1791 495 1845 patrem
515 1780 721 1844 accepit,
743 1796 938 1827 omnem
958 1778 1230 1827 Gothorum
1244 1815 1256 1835 ,
1276 1779 1348 1824 cui
1374 1787 1611 1841 praeerat,

187 1869 406 1924 gentem,
440 1858 645 1903 instante
676 1856 894 1904 Leandro
927 1856 1221 1920 Hispalitano
1247 1856 1498 1919 episcopo,
1525 1854 1607 1920 qui

191 1949 238 1982 et
262 1934 682 1999 Herminegeldum
705 1933 955 1990 docuerat,
985 1932 1265 1979 catholicam
1291 1933 1531 1980 convertit
1553 1931 1611 1978 ad

194 2014 332 2061 tidem
350 2014 443 2077 (2).
470 2012 726 2059 Mauricius
749 2011 896 2058 filiam
921 2011 1101 2059 Tiberii
1124 2011 1425 2058 Constantini
1450 2011 1612 2074 conju-

190 2111 296 2157 gem
317 2091 507 2147 habuit,
530 2101 578 2137 et
599 2091 781 2154 primus
799 2091 1080 2138 Graecorum
1107 2090 1250 2137 fasces
1279 2091 1610 2137 Romanorum

239 2282 287 2324 (ι’)
315 2278 373 2314 (26
392 2277 597 2324 septembre
616 2276 753 2324 578-14
771 2275 859 2311 aofit
875 2275 972 2320 582).
992 2275 1096 2310 Saint
1116 2272 1527 2321 Gregoire-le-Grand,
1546 2286 1612 2309 en-

193 2340 280 2372 mvc'
300 2341 317 2371 a
337 2336 638 2382 Constantinople
656 2335 786 2382 depuis
812 2334 882 2383 579
903 2334 1073 2381 jusqu’en
1096 2333 1183 2377 584,
1208 2346 1254 2368 en
1272 2332 1410 2381 qualite
1432 2332 1614 2380 d'apocri-

194 2398 299 2431 sian-e
317 2395 361 2428 do
385 2387 529 2439 l'lsslglisc
547 2394 730 2437 romaine,
750 2393 805 2428 sut
823 2392 883 2427 elu
903 2404 993 2440 pape
1010 2405 1056 2427 cn
1075 2390 1163 2440 590,
1184 2399 1221 2427 et
1235 2398 1386 2427 mourut
1402 2391 1437 2427 le
1460 2402 1499 2427 12
1518 2403 1613 2427 mars

192 2455 273 2497 604.
295 2455 343 2490 Cc
362 2453 416 2487 sut
436 2465 480 2486 en
498 2451 566 2486 582
585 2452 711 2498 qu'eut
735 2451 808 2486 lieu
835 2452 868 2486 la
896 2451 1099 2486 discussion
1124 2459 1226 2486 entre
1249 2451 1301 2486 lui
1325 2458 1362 2486 et
1387 2449 1611 2498 Eutychiae,

193 2513 401 2561 patriarche
420 2511 464 2545 dc
482 2510 805 2557 Consiantinople,
828 2512 891 2558 qui
909 2513 1064 2546 reti-acta
1083 2523 1146 2546 son
1165 2523 1306 2546 erreur.
1327 2511 1382 2546 En
1398 2508 1490 2558 593,
1510 2509 1536 2545 il
1548 2509 1614 2546 ob·-

194 2575 265 2608 tiut
289 2571 504 2618 d‘Agilulse,
529 2571 580 2604 roi
600 2570 662 2604 «los
689 2571 907 2613 Lonibards‚
937 2571 969 2605 la
995 2571 1094 2607 levee
1119 2571 1170 2606 du
1193 2573 1291 2619 siege
1314 2571 1359 2606 de
1383 2570 1512 2606 Rome.
1539 2569 1570 2605 11
1590 2583 1613 2617 y

195 2636 286 2669 axait
304 2634 398 2668 alors
414 2632 516 2678 vingt
531 2644 593 2665 ans
607 2631 805 2678 qu'Alboin
824 2633 913 2667 etait
932 2640 1042 2668 mort.

241 2695 290 2737 (2)
316 2690 374 2728 (13
399 2690 485 2725 aout
510 2688 643 2738 582-27
671 2691 867 2726 novembre
890 2690 986 2736 602).
1016 2692 1063 2727 Le
1092 2697 1250 2738 martyre
1274 2688 1609 2736 d'Hermenigilde,

194 2751 400 2800 parl'ordre
415 2750 459 2785 ‹le
474 2762 536 2784 son
554 2751 639 2796 piae
659 2751 887 2796 Leuvigilde,
906 2759 969 2786 cut
987 2751 1057 2786 lieu
1075 2763 1121 2787 en
1135 2750 1205 2793 584
1218 2762 1265 2786 on
1279 2748 1367 2793 585,
1387 2756 1424 2784 et
1441 2749 1473 2784 le
1489 2755 1613 2785 retour

194 2815 237 2848 «lo
258 2810 441 2847 novari-«10
461 2823 504 2844 au
528 2809 776 2845 catholicismc
792 2824 835 2846 en
858 2812 937 2859 7387,
959 2812 1099 2858 ‹Papi-es
1118 2811 1168 2846 les
1187 2811 1438 2847 exhortations
1456 2810 1500 2845 de
1519 2809 1613 2845 saint

196 2872 377 2906 lmanrlie.
403 2872 436 2903 ex
446 2871 537 2916 equ«-
558 2870 602 2903 ‹lc
622 2870 762 2905 va'illse.
