1738 3043
577 251 728 289 LlBEll
759 251 1038 290 SECUNDUS.
1444 269 1452 276 ·
1472 259 1521 294 75

99 342 173 377 tus
210 331 464 377 illuminati
503 342 632 376 sunt.
676 330 994 378 Asccmicntcs
1025 342 1213 388 autem,
1252 334 1521 397 apostolum

97 419 312 457 orantem
357 409 668 464 inu-neruum
702 419 747 454 et
782 408 828 454 in
867 410 1140 472 pavimento
1171 412 1424 472 prostrati,
1463 412 1522 459 al.)

97 505 154 536 eo
199 487 545 551 indulgentiam
588 497 800 551 petentes
842 498 1143 551 acceperunt.
1189 487 1263 534 Ab
1303 490 1520 553 apostolo

97 567 227 613 enim
261 565 534 630 benigniter
563 565 705 611 erecti
741 575 882 621 sunt,
918 576 965 611 et
1003 567 1049 612 in
1092 567 1181 614 fide
1218 567 1518 616 corroborati

97 643 493 708 Omnipotentem
530 643 858 690 laudaverunt.
898 643 1121 690 Parentes
1158 655 1346 691 tantum
1386 649 1520 710 pueri

97 739 196 769 non
232 721 552 769 crediderunt.
593 722 882 768 Execrantes
917 739 1030 769 vero
1055 724 1309 785 juvenem,
1352 724 1399 770 in
1439 744 1522 789 pa-

97 801 238 847 triam
263 818 394 847 suam
427 800 600 847 reversi
632 810 768 856 su11t;
806 811 852 847 et
884 811 990 864 post
1020 802 1367 866 quinquaginta
1394 803 1518 860 dics,

97 877 236 924 unius
254 876 386 925 horae
403 888 650 925 momento
667 877 806 924 simul
823 879 1177 942 expiraverunt.
1196 880 1348 927 Porro
1356 882 1520 944 juveni

95 972 239 1002 omne
269 956 614 1020 patrimonium
643 974 781 1001 suum
812 974 834 1001 a
868 955 1224 1003 contribulibus
1256 959 1378 1018 suis,
1413 961 1522 1025 quia

95 1032 229 1081 valde
251 1032 310 1080 ab
336 1034 401 1080 eis
424 1032 729 1097 diligebatur,
757 1051 1033 1081 concessum
1057 1045 1141 1082 est.
1174 1037 1274 1099 Ipse
1297 1054 1409 1083 vero
1436 1038 1521 1083 ad-

96 1110 283 1159 haerens
307 1112 550 1176 apostolo,
579 1111 762 1157 fructus
795 1113 1090 1174 proediorum
1115 1130 1312 1159 suorum
1343 1132 1523 1179 paupe-

94 1189 228 1236 ribus
254 1190 448 1255 largitus
473 1200 559 1237 est.

161 1270 274 1316 Post
316 1269 510 1334 aliquod
548 1280 733 1332 tempus
774 1268 917 1315 ambo
956 1269 1096 1315 simul
1141 1268 1523 1319 Thessalonicam

97 1347 300 1411 profecti
322 1357 459 1403 sunt,
481 1346 537 1393 ad
564 1364 684 1411 quos
705 1347 827 1393 cives
852 1347 899 1393 in
923 1344 1108 1393 theatro
1125 1347 1380 1409 gaudentes
1406 1366 1525 1396 con—

95 1426 273 1491 gregati
289 1436 418 1472 sunt.
440 1425 602 1472 Exous
617 1435 775 1471 autem
795 1425 858 1471 eis
881 1424 1083 1471 verbum
1100 1425 1187 1471 Dei
1213 1426 1523 1490 przrdicabat‚

97 1513 145 1550 et
168 1501 332 1550 beatus
355 1502 566 1550 Andreas
597 1502 833 1548 admirans
865 1501 1168 1565 prudentiam
1203 1504 1330 1566 ejus,
1372 1514 1527 1551 tacens

96 1579 332 1628 audiebat.
354 1580 536 1628 Deinde
551 1579 860 1645 poscentibus
882 1579 1059 1637 turbis,
1083 1580 1391 1628 Adimathum
1412 1583 1529 1629 Car-

97 1660 225 1724 piani
259 1660 413 1707 filium
437 1670 752 1725 aegrotantem
782 1659 939 1706 afferri
957 1659 1115 1723 jussit.
1144 1659 1234 1706 Sed
1267 1659 1369 1718 ille,
1397 1660 1526 1708 dicto

97 1736 186 1783 sibi
207 1755 231 1783 a
255 1748 388 1802 patre
415 1755 501 1786 suo
526 1755 622 1784 suae
645 1736 916 1783 salvationis
936 1737 1110 1783 nuntio
1136 1736 1363 1794 credidit,
1391 1739 1526 1785 resti-

98 1827 257 1862 menta
288 1833 364 1861 sua
405 1815 587 1871 induit,
622 1834 644 1860 a
678 1814 876 1879 grabato
909 1824 1018 1878 post
1050 1830 1166 1859 xxm
1201 1832 1352 1861 annos
1387 1833 1527 1862 sanus

98 1893 332 1949 surrexit3
357 1903 404 1940 et
423 1893 570 1940 veloci
593 1910 734 1938 cursu
756 1902 974 1955 parentes
998 1908 1106 1938 suos
1125 1894 1446 1956 praeveniens,
1471 1895 1523 1939 ad

101 1969 336 2017 theatrum
368 1970 602 2034 perrexit,
644 1969 805 2033 ibique
838 1967 893 2014 ad
924 1968 1064 2032 pedes
1091 1969 1292 2031 apostoli
1325 1971 1523 2025 cecidit,

99 2057 147 2094 et
165 2065 254 2111 pro
273 2057 458 2111 recepta
477 2046 675 2093 sanitate
693 2045 882 2109 populis
903 2044 1207 2108 stupentibus
1223 2048 1394 2110 gratias
1411 2049 1521 2111 egit.

101 2124 319 2185 Quodam
344 2123 400 2171 de
417 2122 915 2170 Thessalonicensibus
934 2133 1132 2186 rogante
1149 2123 1419 2186 apostolum
1436 2142 1525 2188 pro

102 2203 202 2252 filio
236 2203 562 2258 daemonioso‚
602 2201 931 2249 mille-artifex
967 2203 1041 2264 (1)
1077 2202 1216 2247 Satan
1257 2202 1304 2248 in
1344 2214 1524 2250 secreto

100 2281 349 2329 suffocavit
371 2279 609 2327 cubiculo.
639 2280 855 2344 Denique
879 2290 1012 2343 pater
1037 2295 1146 2325 cum
1169 2290 1415 2326 mortuum
1449 2281 1524 2326 in-

102 2359 329 2415 venisset,
357 2368 404 2405 et
426 2356 491 2406 ob
515 2356 605 2404 hoc
626 2356 833 2403 multum
859 2357 1112 2421 plorasset;
1142 2355 1232 2403 fide
1262 2368 1417 2404 tamen
1444 2377 1519 2405 ro-

100 2434 266 2483 bustus
302 2438 349 2483 in
385 2454 464 2501 spe
499 2435 775 2500 praevaluit,
808 2447 855 2482 et
883 2437 1078 2482 cadaver
1111 2434 1166 2481 ad
1199 2435 1438 2484 theatrum
1462 2436 1520 2483 ab

147 2644 197 2688 (i)
223 2644 318 2681 C'est
337 2655 386 2677 un
412 2642 475 2676 des
505 2653 608 2676 nonis
639 2641 750 2688 qu'on
780 2640 986 2687 pretendait
1005 2653 1076 2688 que
1097 2640 1128 2674 le
1151 2640 1282 2675 demon
1311 2653 1346 2674 sc
1365 2641 1511 2687 ‹loiffla'n

100 2703 328 2751 quelquefois
354 2705 373 2737 a
401 2703 612 2738 lui-meme.
639 2714 779 2736 commi*
804 2713 895 2735 nous
925 2701 956 2734 ln
981 2712 1129 2735 verrens
1148 2701 1349 2735 ci—‹lvssons
1376 2701 1464 2734 ‹lans
1486 2702 1513 2734 la

102 2762 254 2806 loge-nde
272 2763 317 2797 de
331 2764 423 2797 saint
443 2763 597 2796 Mau-iias
