<?xml version="1.0" encoding="UTF-8"?>
<!DOCTYPE html PUBLIC "-//W3C//DTD XHTML 1.0 Transitional//EN"
    "http://www.w3.org/TR/xhtml1/DTD/xhtml1-transitional.dtd">
<html xmlns="http://www.w3.org/1999/xhtml" xml:lang="en" lang="en">
 <head>
  <title>
</title>
<meta http-equiv="Content-Type" content="text/html;charset=utf-8" />
  <meta name='ocr-system' content='tesseract 3.04.00' />
  <meta name='ocr-capabilities' content='ocr_page ocr_carea ocr_par ocr_line ocrx_word'/>
</head>
<body>
  <div class='ocr_page' id='page_1' title='image "./ordericivitalish01ordeuoft/ordericivitalish01ordeuoft_0082.png"; bbox 0 0 1738 3043; ppageno 0'>
   <div class='ocr_carea' id='block_1_1' title="bbox 193 258 1229 300">
    <p class='ocr_par' dir='ltr' id='par_1_1' title="bbox 193 258 1229 300">
     <span class='ocr_line' id='line_1_1' title="bbox 193 258 1229 300; baseline -0.003 0"><span class='ocrx_word' id='word_1_1' title='bbox 193 265 245 300; x_wconf 70' lang='lat' dir='ltr'><strong>oo</strong></span> <span class='ocrx_word' id='word_1_2' title='bbox 560 259 800 297; x_wconf 72' lang='lat' dir='ltr'><strong>lttsToRIA</strong></span> <span class='ocrx_word' id='word_1_3' title='bbox 830 258 1229 297; x_wconf 60' lang='lat' dir='ltr'><strong>ECCLESIASNCA.</strong></span> 
     </span>
    </p>
   </div>
   <div class='ocr_carea' id='block_1_2' title="bbox 181 337 1604 2496">
    <p class='ocr_par' dir='ltr' id='par_1_2' title="bbox 189 337 1604 715">
     <span class='ocr_line' id='line_1_2' title="bbox 192 337 1599 406; baseline 0 -20"><span class='ocrx_word' id='word_1_4' title='bbox 192 342 373 406; x_wconf 79' lang='lat' dir='ltr'><strong>pientes</strong></span> <span class='ocrx_word' id='word_1_5' title='bbox 403 349 450 386; x_wconf 90' lang='lat' dir='ltr'><strong>et</strong></span> <span class='ocrx_word' id='word_1_6' title='bbox 477 337 651 386; x_wconf 85' lang='lat' dir='ltr'><strong>scribas</strong></span> <span class='ocrx_word' id='word_1_7' title='bbox 674 339 879 395; x_wconf 87' lang='lat' dir='ltr'><strong>miserit;</strong></span> <span class='ocrx_word' id='word_1_8' title='bbox 911 339 967 385; x_wconf 85' lang='lat' dir='ltr'><strong>de</strong></span> <span class='ocrx_word' id='word_1_9' title='bbox 997 338 1272 386; x_wconf 81' lang='lat' dir='ltr'><strong>crudelitate</strong></span> <span class='ocrx_word' id='word_1_10' title='bbox 1296 338 1569 386; x_wconf 85' lang='lat' dir='ltr'><strong>Judaeorum</strong></span> <span class='ocrx_word' id='word_1_11' title='bbox 1587 375 1599 395; x_wconf 90' lang='lat'><em>‚</em></span> 
     </span>
     <span class='ocr_line' id='line_1_3' title="bbox 191 415 1598 485; baseline -0.001 -19"><span class='ocrx_word' id='word_1_12' title='bbox 191 437 281 485; x_wconf 90' lang='lat' dir='ltr'><strong>qua</strong></span> <span class='ocrx_word' id='word_1_13' title='bbox 298 419 462 465; x_wconf 88' lang='lat' dir='ltr'><strong>missos</strong></span> <span class='ocrx_word' id='word_1_14' title='bbox 478 433 500 463; x_wconf 92' lang='lat' dir='ltr'><strong>a</strong></span> <span class='ocrx_word' id='word_1_15' title='bbox 519 417 618 464; x_wconf 90' lang='lat' dir='ltr'><strong>Deo</strong></span> <span class='ocrx_word' id='word_1_16' title='bbox 631 418 770 463; x_wconf 86' lang='lat' dir='ltr'><strong>variis</strong></span> <span class='ocrx_word' id='word_1_17' title='bbox 784 415 1035 483; x_wconf 80' lang='lat' dir='ltr'><strong>generibus</strong></span> <span class='ocrx_word' id='word_1_18' title='bbox 1050 418 1219 463; x_wconf 86' lang='lat' dir='ltr'><strong>mortis</strong></span> <span class='ocrx_word' id='word_1_19' title='bbox 1234 419 1488 481; x_wconf 81' lang='lat' dir='ltr'><strong>peremerit</strong></span> <span class='ocrx_word' id='word_1_20' title='bbox 1503 420 1598 482; x_wconf 87' lang='lat'>(1).</span> 
     </span>
     <span class='ocr_line' id='line_1_4' title="bbox 190 493 1603 560; baseline -0.001 -19"><span class='ocrx_word' id='word_1_21' title='bbox 190 499 342 560; x_wconf 78' lang='lat' dir='ltr'><strong>Super</strong></span> <span class='ocrx_word' id='word_1_22' title='bbox 367 494 622 542; x_wconf 75' lang='lat' dir='ltr'>Jerusalem</span> <span class='ocrx_word' id='word_1_23' title='bbox 644 493 827 540; x_wconf 88' lang='lat' dir='ltr'><strong>luctum</strong></span> <span class='ocrx_word' id='word_1_24' title='bbox 846 494 968 549; x_wconf 88' lang='lat' dir='ltr'><strong>edit;</strong></span> <span class='ocrx_word' id='word_1_25' title='bbox 997 511 1095 541; x_wconf 90' lang='lat' dir='ltr'><strong>non</strong></span> <span class='ocrx_word' id='word_1_26' title='bbox 1122 511 1224 539; x_wconf 83' lang='lat' dir='ltr'><strong>saxa</strong></span> <span class='ocrx_word' id='word_1_27' title='bbox 1243 531 1254 552; x_wconf 88' lang='lat'>,</span> <span class='ocrx_word' id='word_1_28' title='bbox 1283 493 1361 540; x_wconf 84' lang='lat' dir='ltr'><strong>sed</strong></span> <span class='ocrx_word' id='word_1_29' title='bbox 1388 493 1603 542; x_wconf 86' lang='lat' dir='ltr'><strong>homines</strong></span> 
     </span>
     <span class='ocr_line' id='line_1_5' title="bbox 189 571 1604 638; baseline 0 -19"><span class='ocrx_word' id='word_1_30' title='bbox 189 574 388 638; x_wconf 80' lang='lat' dir='ltr'>plangit.</span> <span class='ocrx_word' id='word_1_31' title='bbox 427 572 683 620; x_wconf 80' lang='lat' dir='ltr'><strong>Jerusalem</strong></span> <span class='ocrx_word' id='word_1_32' title='bbox 718 571 940 619; x_wconf 82' lang='lat' dir='ltr'><strong>flebiliter</strong></span> <span class='ocrx_word' id='word_1_33' title='bbox 976 573 1313 636; x_wconf 68' lang='lat' dir='ltr'>ingeminavit,</span> <span class='ocrx_word' id='word_1_34' title='bbox 1351 590 1459 638; x_wconf 85' lang='lat' dir='ltr'><strong>quae</strong></span> <span class='ocrx_word' id='word_1_35' title='bbox 1495 589 1604 638; x_wconf 89' lang='lat' dir='ltr'><strong>pro-</strong></span> 
     </span>
     <span class='ocr_line' id='line_1_6' title="bbox 190 650 1550 715; baseline -0.001 -17"><span class='ocrx_word' id='word_1_36' title='bbox 190 651 350 715; x_wconf 85' lang='lat' dir='ltr'><strong>phetas</strong></span> <span class='ocrx_word' id='word_1_37' title='bbox 373 651 575 707; x_wconf 89' lang='lat' dir='ltr'><strong>occidit,</strong></span> <span class='ocrx_word' id='word_1_38' title='bbox 600 661 647 697; x_wconf 91' lang='lat' dir='ltr'><strong>et</strong></span> <span class='ocrx_word' id='word_1_39' title='bbox 668 668 690 696; x_wconf 94' lang='lat' dir='ltr'><strong>a</strong></span> <span class='ocrx_word' id='word_1_40' title='bbox 717 650 891 697; x_wconf 85' lang='lat' dir='ltr'><strong>malitia</strong></span> <span class='ocrx_word' id='word_1_41' title='bbox 918 651 1188 714; x_wconf 75' lang='lat' dir='ltr'><strong>resipiscere</strong></span> <span class='ocrx_word' id='word_1_42' title='bbox 1210 668 1308 697; x_wconf 90' lang='lat' dir='ltr'><strong>non</strong></span> <span class='ocrx_word' id='word_1_43' title='bbox 1333 651 1438 697; x_wconf 87' lang='lat' dir='ltr'><strong>vult</strong></span> <span class='ocrx_word' id='word_1_44' title='bbox 1459 651 1550 714; x_wconf 80' lang='lat'><strong>(2).</strong></span> 
     </span>
    </p>

    <p class='ocr_par' dir='ltr' id='par_1_3' title="bbox 181 727 1603 2340">
     <span class='ocr_line' id='line_1_7' title="bbox 253 727 1602 793; baseline -0.001 -17"><span class='ocrx_word' id='word_1_45' title='bbox 253 731 319 776; x_wconf 87' lang='lat' dir='ltr'><strong>De</strong></span> <span class='ocrx_word' id='word_1_46' title='bbox 344 728 523 793; x_wconf 89' lang='lat' dir='ltr'><strong>templo</strong></span> <span class='ocrx_word' id='word_1_47' title='bbox 540 729 671 774; x_wconf 78' lang='lat' dir='ltr'><strong>Jesus</strong></span> <span class='ocrx_word' id='word_1_48' title='bbox 695 728 866 786; x_wconf 75' lang='lat' dir='ltr'><strong>exivit,</strong></span> <span class='ocrx_word' id='word_1_49' title='bbox 903 738 949 774; x_wconf 84' lang='lat' dir='ltr'><strong>et</strong></span> <span class='ocrx_word' id='word_1_50' title='bbox 979 727 1338 775; x_wconf 74' lang='lat' dir='ltr'><strong>ostendentibus</strong></span> <span class='ocrx_word' id='word_1_51' title='bbox 1361 728 1602 792; x_wconf 83' lang='lat' dir='ltr'><strong>discipulis</strong></span> 
     </span>
     <span class='ocr_line' id='line_1_8' title="bbox 186 805 1603 872; baseline -0.001 -18"><span class='ocrx_word' id='word_1_52' title='bbox 186 825 376 872; x_wconf 78' lang='lat' dir='ltr'><strong>magnas</strong></span> <span class='ocrx_word' id='word_1_53' title='bbox 401 807 735 855; x_wconf 65' lang='lat' dir='ltr'><strong>{edificationes</strong></span> <span class='ocrx_word' id='word_1_54' title='bbox 768 806 958 870; x_wconf 84' lang='lat' dir='ltr'><strong>templi,</strong></span> <span class='ocrx_word' id='word_1_55' title='bbox 995 805 1239 870; x_wconf 88' lang='lat' dir='ltr'><strong>respondit</strong></span> <span class='ocrx_word' id='word_1_56' title='bbox 1272 825 1281 849; x_wconf 91' lang='lat'>:</span> <span class='ocrx_word' id='word_1_57' title='bbox 1313 806 1425 853; x_wconf 83' lang='lat' dir='ltr'><strong>Non</strong></span> <span class='ocrx_word' id='word_1_58' title='bbox 1454 806 1603 852; x_wconf 84' lang='lat' dir='ltr'><strong>relin-</strong></span> 
     </span>
     <span class='ocr_line' id='line_1_9' title="bbox 187 883 1603 951; baseline -0.002 -19"><span class='ocrx_word' id='word_1_59' title='bbox 187 898 357 951; x_wconf 80' lang='lat' dir='ltr'><strong>quetw·</strong></span> <span class='ocrx_word' id='word_1_60' title='bbox 378 886 506 951; x_wconf 78' lang='lat' dir='ltr'><strong>lapis</strong></span> <span class='ocrx_word' id='word_1_61' title='bbox 529 903 675 951; x_wconf 75' lang='lat' dir='ltr'><strong>super·</strong></span> <span class='ocrx_word' id='word_1_62' title='bbox 705 885 918 950; x_wconf 77' lang='lat' dir='ltr'><strong>lapidem</strong></span> <span class='ocrx_word' id='word_1_63' title='bbox 935 922 945 939; x_wconf 87' lang='lat'>‚</span> <span class='ocrx_word' id='word_1_64' title='bbox 982 886 1064 948; x_wconf 74' lang='lat' dir='ltr'><strong>qui</strong></span> <span class='ocrx_word' id='word_1_65' title='bbox 1086 902 1181 930; x_wconf 79' lang='lat' dir='ltr'><strong>non</strong></span> <span class='ocrx_word' id='word_1_66' title='bbox 1206 883 1492 930; x_wconf 75' lang='lat' dir='ltr'><strong>destruatur.</strong></span> <span class='ocrx_word' id='word_1_67' title='bbox 1521 884 1603 930; x_wconf 88' lang='lat' dir='ltr'><strong>Se-</strong></span> 
     </span>
     <span class='ocr_line' id='line_1_10' title="bbox 184 960 1602 1027; baseline -0.003 -17"><span class='ocrx_word' id='word_1_68' title='bbox 184 963 326 1011; x_wconf 90' lang='lat' dir='ltr'><strong>dente</strong></span> <span class='ocrx_word' id='word_1_69' title='bbox 344 981 400 1011; x_wconf 90' lang='lat' dir='ltr'><strong>eo</strong></span> <span class='ocrx_word' id='word_1_70' title='bbox 420 980 562 1027; x_wconf 90' lang='lat' dir='ltr'><strong>super</strong></span> <span class='ocrx_word' id='word_1_71' title='bbox 579 972 795 1009; x_wconf 88' lang='lat' dir='ltr'><strong>montem</strong></span> <span class='ocrx_word' id='word_1_72' title='bbox 812 961 1008 1018; x_wconf 80' lang='lat' dir='ltr'><strong>oliveti,</strong></span> <span class='ocrx_word' id='word_1_73' title='bbox 1026 960 1240 1025; x_wconf 89' lang='lat' dir='ltr'><strong>discipuli</strong></span> <span class='ocrx_word' id='word_1_74' title='bbox 1259 970 1463 1017; x_wconf 88' lang='lat' dir='ltr'><strong>secreto,</strong></span> <span class='ocrx_word' id='word_1_75' title='bbox 1481 961 1602 1007; x_wconf 90' lang='lat' dir='ltr'><strong>sicut</strong></span> 
     </span>
     <span class='ocr_line' id='line_1_11' title="bbox 184 1039 1602 1103; baseline -0.001 -16"><span class='ocrx_word' id='word_1_76' title='bbox 184 1040 436 1087; x_wconf 81' lang='lat' dir='ltr'><strong>Matthaeus</strong></span> <span class='ocrx_word' id='word_1_77' title='bbox 451 1041 736 1103; x_wconf 83' lang='lat' dir='ltr'><strong>Marcusque</strong></span> <span class='ocrx_word' id='word_1_78' title='bbox 751 1048 1052 1095; x_wconf 88' lang='lat' dir='ltr'><strong>attestantur,</strong></span> <span class='ocrx_word' id='word_1_79' title='bbox 1075 1049 1259 1102; x_wconf 86' lang='lat' dir='ltr'><strong>tempus</strong></span> <span class='ocrx_word' id='word_1_80' title='bbox 1276 1048 1322 1084; x_wconf 87' lang='lat' dir='ltr'><strong>et</strong></span> <span class='ocrx_word' id='word_1_81' title='bbox 1335 1039 1462 1103; x_wconf 81' lang='lat' dir='ltr'><strong>signa</strong></span> <span class='ocrx_word' id='word_1_82' title='bbox 1482 1057 1602 1102; x_wconf 77' lang='lat' dir='ltr'><strong>prae-</strong></span> 
     </span>
     <span class='ocr_line' id='line_1_12' title="bbox 182 1113 1600 1180; baseline -0.003 -16"><span class='ocrx_word' id='word_1_83' title='bbox 182 1117 322 1164; x_wconf 82' lang='lat' dir='ltr'><strong>dictae</strong></span> <span class='ocrx_word' id='word_1_84' title='bbox 350 1116 687 1163; x_wconf 88' lang='lat' dir='ltr'><strong>destructionis</strong></span> <span class='ocrx_word' id='word_1_85' title='bbox 720 1117 1035 1180; x_wconf 77' lang='lat' dir='ltr'><strong>interrogant.</strong></span> <span class='ocrx_word' id='word_1_86' title='bbox 1065 1114 1147 1161; x_wconf 91' lang='lat' dir='ltr'><strong>llle</strong></span> <span class='ocrx_word' id='word_1_87' title='bbox 1178 1113 1600 1178; x_wconf 86' lang='lat' dir='ltr'><strong>percunctantibus</strong></span> 
     </span>
     <span class='ocr_line' id='line_1_13' title="bbox 181 1193 1601 1257; baseline -0.002 -15"><span class='ocrx_word' id='word_1_88' title='bbox 181 1195 239 1242; x_wconf 81' lang='lat' dir='ltr'><strong>(le</strong></span> <span class='ocrx_word' id='word_1_89' title='bbox 269 1195 363 1242; x_wconf 87' lang='lat' dir='ltr'><strong>fine</strong></span> <span class='ocrx_word' id='word_1_90' title='bbox 395 1193 642 1257; x_wconf 88' lang='lat' dir='ltr'><strong>respondit</strong></span> <span class='ocrx_word' id='word_1_91' title='bbox 664 1193 784 1239; x_wconf 91' lang='lat' dir='ltr'><strong>mala</strong></span> <span class='ocrx_word' id='word_1_92' title='bbox 816 1193 1020 1257; x_wconf 89' lang='lat' dir='ltr'><strong>plurima</strong></span> <span class='ocrx_word' id='word_1_93' title='bbox 1046 1210 1330 1256; x_wconf 78' lang='lat' dir='ltr'><strong>praecessura</strong></span> <span class='ocrx_word' id='word_1_94' title='bbox 1346 1228 1358 1249; x_wconf 92' lang='lat'><strong><em>,</em></strong></span> <span class='ocrx_word' id='word_1_95' title='bbox 1384 1193 1601 1257; x_wconf 82' lang='lat' dir='ltr'><strong>gentium</strong></span> 
     </span>
     <span class='ocr_line' id='line_1_14' title="bbox 184 1268 1602 1335; baseline -0.001 -17"><span class='ocrx_word' id='word_1_96' title='bbox 184 1272 302 1320; x_wconf 87' lang='lat' dir='ltr'><strong>bella</strong></span> <span class='ocrx_word' id='word_1_97' title='bbox 317 1309 330 1330; x_wconf 90' lang='lat'><strong><em>,</em></strong></span> <span class='ocrx_word' id='word_1_98' title='bbox 356 1283 497 1319; x_wconf 81' lang='lat' dir='ltr'><strong>terrae</strong></span> <span class='ocrx_word' id='word_1_99' title='bbox 518 1282 676 1318; x_wconf 89' lang='lat' dir='ltr'><strong>motus</strong></span> <span class='ocrx_word' id='word_1_100' title='bbox 695 1288 780 1335; x_wconf 81' lang='lat' dir='ltr'><strong>per</strong></span> <span class='ocrx_word' id='word_1_101' title='bbox 795 1270 895 1317; x_wconf 88' lang='lat' dir='ltr'><strong>loca</strong></span> <span class='ocrx_word' id='word_1_102' title='bbox 909 1306 921 1327; x_wconf 92' lang='lat'><strong><em>‚</em></strong></span> <span class='ocrx_word' id='word_1_103' title='bbox 941 1270 1229 1334; x_wconf 81' lang='lat' dir='ltr'><strong>pestilentias</strong></span> <span class='ocrx_word' id='word_1_104' title='bbox 1249 1280 1296 1318; x_wconf 90' lang='lat' dir='ltr'><strong>et</strong></span> <span class='ocrx_word' id='word_1_105' title='bbox 1313 1268 1458 1317; x_wconf 88' lang='lat' dir='ltr'><strong>fames</strong></span> <span class='ocrx_word' id='word_1_106' title='bbox 1474 1305 1488 1326; x_wconf 82' lang='lat'><em>‚</em></span> <span class='ocrx_word' id='word_1_107' title='bbox 1511 1279 1602 1317; x_wconf 85' lang='lat' dir='ltr'><strong>ter-</strong></span> 
     </span>
     <span class='ocr_line' id='line_1_15' title="bbox 182 1347 1600 1415; baseline -0.003 -19"><span class='ocrx_word' id='word_1_108' title='bbox 182 1368 408 1415; x_wconf 77' lang='lat' dir='ltr'><strong>roresque</strong></span> <span class='ocrx_word' id='word_1_109' title='bbox 441 1350 498 1396; x_wconf 88' lang='lat' dir='ltr'><strong>de</strong></span> <span class='ocrx_word' id='word_1_110' title='bbox 530 1350 656 1395; x_wconf 83' lang='lat' dir='ltr'><strong>coelo</strong></span> <span class='ocrx_word' id='word_1_111' title='bbox 690 1359 738 1395; x_wconf 93' lang='lat' dir='ltr'><strong>et</strong></span> <span class='ocrx_word' id='word_1_112' title='bbox 771 1349 899 1413; x_wconf 80' lang='lat' dir='ltr'><strong>signa</strong></span> <span class='ocrx_word' id='word_1_113' title='bbox 925 1365 1109 1412; x_wconf 75' lang='lat' dir='ltr'><strong>magna.</strong></span> <span class='ocrx_word' id='word_1_114' title='bbox 1146 1347 1295 1394; x_wconf 89' lang='lat' dir='ltr'><strong>Multa</strong></span> <span class='ocrx_word' id='word_1_115' title='bbox 1319 1347 1600 1393; x_wconf 84' lang='lat' dir='ltr'><strong>vaticinatus</strong></span> 
     </span>
     <span class='ocr_line' id='line_1_16' title="bbox 183 1423 1600 1490; baseline -0.002 -16"><span class='ocrx_word' id='word_1_116' title='bbox 183 1438 252 1476; x_wconf 89' lang='lat' dir='ltr'><strong>est</strong></span> <span class='ocrx_word' id='word_1_117' title='bbox 274 1427 330 1474; x_wconf 91' lang='lat' dir='ltr'><strong>de</strong></span> <span class='ocrx_word' id='word_1_118' title='bbox 356 1427 530 1473; x_wconf 87' lang='lat' dir='ltr'><strong>suturis</strong></span> <span class='ocrx_word' id='word_1_119' title='bbox 553 1423 991 1490; x_wconf 82' lang='lat' dir='ltr'><strong>persecutionibus,</strong></span> <span class='ocrx_word' id='word_1_120' title='bbox 1019 1425 1320 1488; x_wconf 87' lang='lat' dir='ltr'><strong>adventuque</strong></span> <span class='ocrx_word' id='word_1_121' title='bbox 1343 1441 1451 1480; x_wconf 91' lang='lat' dir='ltr'><strong>su0;</strong></span> <span class='ocrx_word' id='word_1_122' title='bbox 1480 1423 1600 1471; x_wconf 84' lang='lat' dir='ltr'><strong>fide-</strong></span> 
     </span>
     <span class='ocr_line' id='line_1_17' title="bbox 184 1501 1601 1569; baseline -0.002 -19"><span class='ocrx_word' id='word_1_123' title='bbox 184 1504 306 1551; x_wconf 87' lang='lat' dir='ltr'><strong>libus</strong></span> <span class='ocrx_word' id='word_1_124' title='bbox 330 1522 428 1551; x_wconf 88' lang='lat' dir='ltr'><strong>non</strong></span> <span class='ocrx_word' id='word_1_125' title='bbox 449 1501 858 1569; x_wconf 75' lang='lat' dir='ltr'><strong>praecogitandum</strong></span> <span class='ocrx_word' id='word_1_126' title='bbox 872 1538 884 1559; x_wconf 89' lang='lat'>‚</span> <span class='ocrx_word' id='word_1_127' title='bbox 907 1502 1023 1567; x_wconf 86' lang='lat' dir='ltr'><strong>quid</strong></span> <span class='ocrx_word' id='word_1_128' title='bbox 1043 1501 1202 1548; x_wconf 85' lang='lat' dir='ltr'><strong>traditi</strong></span> <span class='ocrx_word' id='word_1_129' title='bbox 1223 1502 1500 1566; x_wconf 83' lang='lat' dir='ltr'><strong>loquantur,</strong></span> <span class='ocrx_word' id='word_1_130' title='bbox 1522 1502 1601 1548; x_wconf 91' lang='lat' dir='ltr'><strong>sed</strong></span> 
     </span>
     <span class='ocr_line' id='line_1_18' title="bbox 185 1579 1598 1646; baseline -0.001 -18"><span class='ocrx_word' id='word_1_131' title='bbox 185 1583 231 1628; x_wconf 93' lang='lat' dir='ltr'><strong>in</strong></span> <span class='ocrx_word' id='word_1_132' title='bbox 259 1581 484 1646; x_wconf 84' lang='lat' dir='ltr'><strong>patientia</strong></span> <span class='ocrx_word' id='word_1_133' title='bbox 513 1599 592 1627; x_wconf 91' lang='lat' dir='ltr'><strong>sua</strong></span> <span class='ocrx_word' id='word_1_134' title='bbox 618 1579 887 1644; x_wconf 84' lang='lat' dir='ltr'><strong>possideant</strong></span> <span class='ocrx_word' id='word_1_135' title='bbox 917 1580 1095 1626; x_wconf 89' lang='lat' dir='ltr'><strong>animas</strong></span> <span class='ocrx_word' id='word_1_136' title='bbox 1131 1598 1250 1626; x_wconf 90' lang='lat' dir='ltr'><strong>suas.</strong></span> <span class='ocrx_word' id='word_1_137' title='bbox 1284 1579 1598 1626; x_wconf 82' lang='lat' dir='ltr'><strong>circumdan-</strong></span> 
     </span>
     <span class='ocr_line' id='line_1_19' title="bbox 182 1656 1595 1722; baseline -0.002 -16"><span class='ocrx_word' id='word_1_138' title='bbox 182 1660 290 1706; x_wconf 84' lang='lat' dir='ltr'><strong>dam</strong></span> <span class='ocrx_word' id='word_1_139' title='bbox 333 1658 391 1705; x_wconf 91' lang='lat' dir='ltr'><strong>ab</strong></span> <span class='ocrx_word' id='word_1_140' title='bbox 435 1660 645 1706; x_wconf 82' lang='lat' dir='ltr'><strong>exercitu</strong></span> <span class='ocrx_word' id='word_1_141' title='bbox 679 1657 935 1704; x_wconf 87' lang='lat' dir='ltr'><strong>Jerusalem</strong></span> <span class='ocrx_word' id='word_1_142' title='bbox 958 1694 970 1714; x_wconf 88' lang='lat'><strong><em>,</em></strong></span> <span class='ocrx_word' id='word_1_143' title='bbox 1011 1669 1057 1704; x_wconf 91' lang='lat' dir='ltr'><strong>et</strong></span> <span class='ocrx_word' id='word_1_144' title='bbox 1096 1675 1165 1703; x_wconf 74' lang='lat' dir='ltr'><strong>vae</strong></span> <span class='ocrx_word' id='word_1_145' title='bbox 1205 1656 1562 1722; x_wconf 79' lang='lat' dir='ltr'><strong>praegnantibus</strong></span> <span class='ocrx_word' id='word_1_146' title='bbox 1581 1676 1595 1714; x_wconf 90' lang='lat'>;</span> 
     </span>
     <span class='ocr_line' id='line_1_20' title="bbox 182 1734 1599 1803; baseline -0.002 -19"><span class='ocrx_word' id='word_1_147' title='bbox 182 1737 391 1803; x_wconf 81' lang='lat' dir='ltr'><strong>gladium</strong></span> <span class='ocrx_word' id='word_1_148' title='bbox 431 1753 623 1802; x_wconf 86' lang='lat' dir='ltr'><strong>quoque</strong></span> <span class='ocrx_word' id='word_1_149' title='bbox 661 1747 708 1783; x_wconf 92' lang='lat' dir='ltr'><strong>et</strong></span> <span class='ocrx_word' id='word_1_150' title='bbox 743 1736 1094 1800; x_wconf 76' lang='lat' dir='ltr'><strong>captivitatem,</strong></span> <span class='ocrx_word' id='word_1_151' title='bbox 1131 1736 1356 1801; x_wconf 82' lang='lat' dir='ltr'><strong>signaque</strong></span> <span class='ocrx_word' id='word_1_152' title='bbox 1385 1735 1495 1782; x_wconf 90' lang='lat' dir='ltr'><strong>coeli</strong></span> <span class='ocrx_word' id='word_1_153' title='bbox 1526 1734 1599 1781; x_wconf 90' lang='lat' dir='ltr'><strong>fu—</strong></span> 
     </span>
     <span class='ocr_line' id='line_1_21' title="bbox 185 1813 1603 1880; baseline 0 -19"><span class='ocrx_word' id='word_1_154' title='bbox 185 1826 288 1862; x_wconf 87' lang='lat' dir='ltr'><strong>tura</strong></span> <span class='ocrx_word' id='word_1_155' title='bbox 301 1835 313 1872; x_wconf 92' lang='lat'>;</span> <span class='ocrx_word' id='word_1_156' title='bbox 334 1833 474 1880; x_wconf 88' lang='lat' dir='ltr'><strong>seque</strong></span> <span class='ocrx_word' id='word_1_157' title='bbox 491 1825 750 1862; x_wconf 81' lang='lat' dir='ltr'><strong>venturum</strong></span> <span class='ocrx_word' id='word_1_158' title='bbox 773 1814 818 1860; x_wconf 89' lang='lat' dir='ltr'><strong>in</strong></span> <span class='ocrx_word' id='word_1_159' title='bbox 840 1813 967 1861; x_wconf 88' lang='lat' dir='ltr'><strong>nube</strong></span> <span class='ocrx_word' id='word_1_160' title='bbox 988 1832 1096 1860; x_wconf 88' lang='lat' dir='ltr'><strong>cnm</strong></span> <span class='ocrx_word' id='word_1_161' title='bbox 1116 1823 1349 1878; x_wconf 83' lang='lat' dir='ltr'><strong>potestate</strong></span> <span class='ocrx_word' id='word_1_162' title='bbox 1367 1831 1532 1879; x_wconf 81' lang='lat' dir='ltr'><strong>magna</strong></span> <span class='ocrx_word' id='word_1_163' title='bbox 1555 1825 1603 1861; x_wconf 86' lang='lat' dir='ltr'><strong>et</strong></span> 
     </span>
     <span class='ocr_line' id='line_1_22' title="bbox 182 1890 1602 1956; baseline -0.001 -19"><span class='ocrx_word' id='word_1_164' title='bbox 182 1894 422 1955; x_wconf 87' lang='lat' dir='ltr'><strong>majestate</strong></span> <span class='ocrx_word' id='word_1_165' title='bbox 440 1890 679 1955; x_wconf 87' lang='lat' dir='ltr'><strong>praedixit.</strong></span> <span class='ocrx_word' id='word_1_166' title='bbox 708 1891 977 1956; x_wconf 74' lang='lat' dir='ltr'><strong>Respicite,</strong></span> <span class='ocrx_word' id='word_1_167' title='bbox 1004 1890 1182 1954; x_wconf 84' lang='lat' dir='ltr'><strong>inquit,</strong></span> <span class='ocrx_word' id='word_1_168' title='bbox 1207 1891 1323 1954; x_wconf 78' lang='lat' dir='ltr'><strong>qnia</strong></span> <span class='ocrx_word' id='word_1_169' title='bbox 1341 1891 1602 1956; x_wconf 81' lang='lat' dir='ltr'><strong>appropin-</strong></span> 
     </span>
     <span class='ocr_line' id='line_1_23' title="bbox 185 1966 1598 2034; baseline -0.001 -19"><span class='ocrx_word' id='word_1_170' title='bbox 185 1981 302 2034; x_wconf 78' lang='lat' dir='ltr'><strong>quat</strong></span> <span class='ocrx_word' id='word_1_171' title='bbox 326 1969 587 2034; x_wconf 77' lang='lat' dir='ltr'><strong>redemptio</strong></span> <span class='ocrx_word' id='word_1_172' title='bbox 612 1979 789 2014; x_wconf 79' lang='lat' dir='ltr'><strong>vestra.</strong></span> <span class='ocrx_word' id='word_1_173' title='bbox 818 1967 891 2012; x_wconf 83' lang='lat' dir='ltr'><strong>Ab</strong></span> <span class='ocrx_word' id='word_1_174' title='bbox 919 1966 1147 2014; x_wconf 89' lang='lat' dir='ltr'><strong>ebrietate</strong></span> <span class='ocrx_word' id='word_1_175' title='bbox 1175 1985 1369 2032; x_wconf 85' lang='lat' dir='ltr'><strong>quoque</strong></span> <span class='ocrx_word' id='word_1_176' title='bbox 1394 1977 1441 2015; x_wconf 89' lang='lat' dir='ltr'><strong>et</strong></span> <span class='ocrx_word' id='word_1_177' title='bbox 1473 1967 1598 2014; x_wconf 88' lang='lat' dir='ltr'><strong>curis</strong></span> 
     </span>
     <span class='ocr_line' id='line_1_24' title="bbox 184 2043 1597 2110; baseline -0.001 -18"><span class='ocrx_word' id='word_1_178' title='bbox 184 2045 322 2110; x_wconf 90' lang='lat' dir='ltr'><strong>hujus</strong></span> <span class='ocrx_word' id='word_1_179' title='bbox 353 2047 462 2092; x_wconf 65' lang='lat' dir='ltr'><strong>vitae</strong></span> <span class='ocrx_word' id='word_1_180' title='bbox 496 2043 779 2109; x_wconf 87' lang='lat' dir='ltr'><strong>prohibens,</strong></span> <span class='ocrx_word' id='word_1_181' title='bbox 812 2043 1105 2109; x_wconf 72' lang='lat' dir='ltr'><strong>vigilandum</strong></span> <span class='ocrx_word' id='word_1_182' title='bbox 1132 2045 1352 2109; x_wconf 76' lang='lat' dir='ltr'><strong>praecipit</strong></span> <span class='ocrx_word' id='word_1_183' title='bbox 1379 2054 1428 2091; x_wconf 86' lang='lat' dir='ltr'><strong>et.</strong></span> <span class='ocrx_word' id='word_1_184' title='bbox 1455 2060 1597 2091; x_wconf 87' lang='lat' dir='ltr'><strong>oran·</strong></span> 
     </span>
     <span class='ocr_line' id='line_1_25' title="bbox 182 2121 1594 2185; baseline -0.001 -15"><span class='ocrx_word' id='word_1_185' title='bbox 182 2124 314 2170; x_wconf 90' lang='lat' dir='ltr'><strong>dum.</strong></span> <span class='ocrx_word' id='word_1_186' title='bbox 351 2124 623 2170; x_wconf 88' lang='lat' dir='ltr'><strong>Elationem</strong></span> <span class='ocrx_word' id='word_1_187' title='bbox 657 2121 919 2168; x_wconf 88' lang='lat' dir='ltr'><strong>scribarum</strong></span> <span class='ocrx_word' id='word_1_188' title='bbox 952 2121 1280 2185; x_wconf 87' lang='lat' dir='ltr'><strong>reprehendit,</strong></span> <span class='ocrx_word' id='word_1_189' title='bbox 1316 2122 1504 2169; x_wconf 89' lang='lat' dir='ltr'><strong>viduam</strong></span> <span class='ocrx_word' id='word_1_190' title='bbox 1545 2123 1594 2168; x_wconf 91' lang='lat' dir='ltr'><strong>in</strong></span> 
     </span>
     <span class='ocr_line' id='line_1_26' title="bbox 181 2199 1598 2266; baseline -0.001 -20"><span class='ocrx_word' id='word_1_191' title='bbox 181 2201 568 2266; x_wconf 82' lang='lat' dir='ltr'><strong>gazophylacium</strong></span> <span class='ocrx_word' id='word_1_192' title='bbox 599 2199 694 2246; x_wconf 87' lang='lat' dir='ltr'><strong>duo</strong></span> <span class='ocrx_word' id='word_1_193' title='bbox 718 2217 811 2245; x_wconf 85' lang='lat' dir='ltr'><strong>aera</strong></span> <span class='ocrx_word' id='word_1_194' title='bbox 834 2201 1104 2245; x_wconf 80' lang='lat' dir='ltr'><strong>mittentem</strong></span> <span class='ocrx_word' id='word_1_195' title='bbox 1134 2199 1237 2263; x_wconf 91' lang='lat' dir='ltr'><strong>plus</strong></span> <span class='ocrx_word' id='word_1_196' title='bbox 1267 2199 1489 2247; x_wconf 88' lang='lat' dir='ltr'><strong>omnibus</strong></span> <span class='ocrx_word' id='word_1_197' title='bbox 1511 2200 1598 2246; x_wconf 91' lang='lat' dir='ltr'><strong>mi-</strong></span> 
     </span>
     <span class='ocr_line' id='line_1_27' title="bbox 183 2278 734 2340; baseline -0.004 -16"><span class='ocrx_word' id='word_1_198' title='bbox 183 2280 290 2325; x_wconf 81' lang='lat' dir='ltr'><strong>sisse.</strong></span> <span class='ocrx_word' id='word_1_199' title='bbox 311 2279 613 2324; x_wconf 67' lang='lat' dir='ltr'><strong>confirmavit</strong></span> <span class='ocrx_word' id='word_1_200' title='bbox 641 2278 734 2340; x_wconf 80' lang='lat'>(3).</span> 
     </span>
    </p>

    <p class='ocr_par' dir='ltr' id='par_1_4' title="bbox 182 2353 1596 2496">
     <span class='ocr_line' id='line_1_28' title="bbox 249 2353 1596 2418; baseline 0.001 -17"><span class='ocrx_word' id='word_1_201' title='bbox 249 2355 347 2401; x_wconf 86' lang='lat' dir='ltr'><strong>Sub</strong></span> <span class='ocrx_word' id='word_1_202' title='bbox 367 2355 584 2418; x_wconf 77' lang='lat' dir='ltr'><strong>exemplo</strong></span> <span class='ocrx_word' id='word_1_203' title='bbox 609 2354 682 2400; x_wconf 81' lang='lat' dir='ltr'><strong>lici</strong></span> <span class='ocrx_word' id='word_1_204' title='bbox 710 2353 892 2400; x_wconf 87' lang='lat' dir='ltr'><strong>arboris</strong></span> <span class='ocrx_word' id='word_1_205' title='bbox 913 2353 1051 2400; x_wconf 84' lang='lat' dir='ltr'><strong>docet</strong></span> <span class='ocrx_word' id='word_1_206' title='bbox 1075 2354 1131 2401; x_wconf 87' lang='lat' dir='ltr'><strong>de</strong></span> <span class='ocrx_word' id='word_1_207' title='bbox 1149 2354 1354 2401; x_wconf 87' lang='lat' dir='ltr'><strong>adventu</strong></span> <span class='ocrx_word' id='word_1_208' title='bbox 1378 2372 1596 2403; x_wconf 91' lang='lat' dir='ltr'><strong>consum-</strong></span> 
     </span>
     <span class='ocr_line' id='line_1_29' title="bbox 182 2429 1593 2496; baseline -0.001 -18"><span class='ocrx_word' id='word_1_209' title='bbox 182 2432 420 2479; x_wconf 82' lang='lat' dir='ltr'><strong>mationis.</strong></span> <span class='ocrx_word' id='word_1_210' title='bbox 447 2429 723 2477; x_wconf 89' lang='lat' dir='ltr'><strong>Parabolam</strong></span> <span class='ocrx_word' id='word_1_211' title='bbox 746 2430 931 2494; x_wconf 88' lang='lat' dir='ltr'><strong>profert</strong></span> <span class='ocrx_word' id='word_1_212' title='bbox 959 2429 1016 2477; x_wconf 90' lang='lat' dir='ltr'><strong>de</strong></span> <span class='ocrx_word' id='word_1_213' title='bbox 1045 2430 1205 2478; x_wconf 87' lang='lat' dir='ltr'><strong>decem</strong></span> <span class='ocrx_word' id='word_1_214' title='bbox 1228 2430 1514 2496; x_wconf 81' lang='lat' dir='ltr'><strong>virginibuS,</strong></span> <span class='ocrx_word' id='word_1_215' title='bbox 1545 2442 1593 2479; x_wconf 89' lang='lat' dir='ltr'><strong>et</strong></span> 
     </span>
    </p>
   </div>
   <div class='ocr_carea' id='block_1_3' title="bbox 223 2641 1586 2747">
    <p class='ocr_par' dir='ltr' id='par_1_5' title="bbox 223 2641 1586 2747">
     <span class='ocr_line' id='line_1_30' title="bbox 225 2641 1436 2688; baseline -0.001 -11"><span class='ocrx_word' id='word_1_216' title='bbox 225 2646 275 2688; x_wconf 84' lang='grc' dir='ltr'><strong>(ι)</strong></span> <span class='ocrx_word' id='word_1_217' title='bbox 303 2643 400 2677; x_wconf 60' lang='lat' dir='ltr'><strong>{Nous</strong></span> <span class='ocrx_word' id='word_1_218' title='bbox 419 2653 573 2688; x_wconf 72' lang='lat' dir='ltr'><strong>pensons</strong></span> <span class='ocrx_word' id='word_1_219' title='bbox 593 2641 680 2687; x_wconf 78' lang='lat' dir='ltr'><strong>qn‘il</strong></span> <span class='ocrx_word' id='word_1_220' title='bbox 699 2648 753 2675; x_wconf 76' lang='lat' dir='ltr'><strong>est</strong></span> <span class='ocrx_word' id='word_1_221' title='bbox 773 2641 1039 2688; x_wconf 72' lang='lat' dir='ltr'><strong>indispensable</strong></span> <span class='ocrx_word' id='word_1_222' title='bbox 1057 2641 1102 2676; x_wconf 88' lang='lat' dir='ltr'><strong>de</strong></span> <span class='ocrx_word' id='word_1_223' title='bbox 1122 2641 1188 2676; x_wconf 88' lang='lat' dir='ltr'><strong>lire</strong></span> <span class='ocrx_word' id='word_1_224' title='bbox 1204 2644 1436 2687; x_wconf 78' lang='lat' dir='ltr'><strong>peremerint.</strong></span> 
     </span>
     <span class='ocr_line' id='line_1_31' title="bbox 223 2699 1586 2747; baseline 0 -11"><span class='ocrx_word' id='word_1_225' title='bbox 223 2705 273 2747; x_wconf 52' lang='grc' dir='ltr'><strong>(μ)</strong></span> <span class='ocrx_word' id='word_1_226' title='bbox 301 2702 414 2736; x_wconf 68' lang='lat' dir='ltr'><strong>matth</strong></span> <span class='ocrx_word' id='word_1_227' title='bbox 449 2713 539 2734; x_wconf 76' lang='lat' dir='ltr'><strong>xxm.</strong></span> <span class='ocrx_word' id='word_1_228' title='bbox 556 2721 601 2728; x_wconf 93' lang='lat'><strong>—-</strong></span> <span class='ocrx_word' id='word_1_229' title='bbox 617 2699 668 2743; x_wconf 75' lang='lat'><strong>(3)</strong></span> <span class='ocrx_word' id='word_1_230' title='bbox 692 2701 817 2735; x_wconf 60' lang='lat' dir='ltr'><strong>xlatth.</strong></span> <span class='ocrx_word' id='word_1_231' title='bbox 838 2713 934 2739; x_wconf 56' lang='lat' dir='ltr'><strong>xxm</strong></span> <span class='ocrx_word' id='word_1_232' title='bbox 957 2702 1065 2736; x_wconf 83' lang='lat' dir='ltr'><strong>Marc.</strong></span> <span class='ocrx_word' id='word_1_233' title='bbox 1089 2713 1152 2741; x_wconf 75' lang='lat' dir='ltr'><strong>xii,</strong></span> <span class='ocrx_word' id='word_1_234' title='bbox 1178 2699 1309 2743; x_wconf 71' lang='lat'><strong>38-443</strong></span> <span class='ocrx_word' id='word_1_235' title='bbox 1330 2702 1415 2736; x_wconf 89' lang='lat' dir='ltr'><strong>Luc.</strong></span> <span class='ocrx_word' id='word_1_236' title='bbox 1441 2714 1498 2743; x_wconf 76' lang='lat' dir='ltr'><strong>xx,</strong></span> <span class='ocrx_word' id='word_1_237' title='bbox 1521 2700 1586 2744; x_wconf 74' lang='lat'><strong>45:</strong></span> 
     </span>
    </p>
   </div>
   <div class='ocr_carea' id='block_1_4' title="bbox 180 2766 309 2805">
    <p class='ocr_par' dir='ltr' id='par_1_6' title="bbox 180 2766 309 2805">
     <span class='ocr_line' id='line_1_32' title="bbox 180 2766 309 2805; baseline 0.008 -9"><span class='ocrx_word' id='word_1_238' title='bbox 180 2777 255 2797; x_wconf 56' lang='grc' dir='ltr'><strong>λυ.</strong></span> <span class='ocrx_word' id='word_1_239' title='bbox 279 2766 309 2805; x_wconf 65' lang='grc'><strong>4.</strong></span> 
     </span>
    </p>
   </div>
  </div>
 </body>
</html>
