1738 3043
582 239 736 280 LIBER
765 238 1048 279 SECUNDUS.
1461 243 1540 282 239

104 319 486 389 praecedentibus
521 319 777 378 annotavi,
812 336 1023 384 quorum
1054 319 1132 367 hic
1157 336 1258 367 non
1287 337 1365 368 me
1397 321 1542 369 taedet

105 404 281 450 iterum
306 399 364 446 ad
391 399 577 446 laudem
605 397 844 446 Creatoris
868 399 1130 446 reminisci.

170 479 364 540 Saulus,
399 479 481 544 qui
520 489 566 525 et
594 476 791 534 Paulus,
819 477 1006 541 Spiritu
1039 478 1217 526 Sancto
1253 478 1542 527 admonente

105 570 373 625 segregatus
386 594 399 615 ‚
428 556 573 622 Paphi
595 554 875 622 praedicavit
889 591 901 612 ‚
930 556 1152 621 Elymam
1170 576 1363 623 magum
1382 558 1542 606 verbis

105 638 214 686 fidei
240 639 541 685 resistentem
558 637 693 700 jussu
725 635 944 692 caecavit,
973 644 1021 681 et
1043 637 1389 700 proconsulem
1420 639 1544 685 Pau-

107 717 209 764 lum
233 716 289 763 ad
312 715 455 763 fidem
474 714 732 761 convertit.
757 710 1035 761 Antiochiae
1056 731 1345 780 synagogam
1369 717 1545 781 ingres-

105 811 210 851 sus,
236 809 384 840 manu
410 792 658 839 silentium
686 790 886 847 indixit3
922 789 1085 857 ibique
1117 792 1325 857 qualiter
1360 794 1544 840 israeli-

108 873 198 919 tica
230 869 366 936 plebs
395 869 454 918 de
488 871 703 936 AEgypto
737 886 824 934 per
846 887 977 917 mare
1001 870 1151 929 exiit,
1181 882 1228 918 et
1259 870 1318 919 de
1349 871 1546 919 diversis

105 947 440 1006 mirabilibus,
477 965 586 1013 quae
624 948 672 994 in
697 947 886 995 deserto
915 947 1037 995 facta
1071 959 1211 1006 sunt,
1248 949 1545 997 locutionem

106 1028 239 1076 fecit.
261 1027 372 1076 Alio
394 1044 591 1093 quoque
613 1026 813 1075 sabbato
836 1028 1104 1092 passionem
1127 1026 1304 1076 Christi
1325 1040 1372 1077 et
1389 1047 1547 1078 resur-

105 1108 376 1156 rectionem
411 1107 838 1164 commemoravst,
872 1106 1169 1171 propheticis
1205 1108 1546 1156 assertionibus

108 1185 344 1251 allegavit,
367 1196 414 1232 et
431 1184 652 1249 plurimis
670 1184 977 1231 credentibus
991 1185 1215 1232 Ecclesiae
1234 1203 1424 1252 gregem
1441 1205 1549 1252 aug-

107 1263 357 1311 mentavit.
385 1262 570 1327 Lystris
590 1261 811 1307 claudum
828 1279 885 1308 ex
905 1272 1045 1310 utero
1069 1265 1237 1310 matris
1252 1300 1265 1322 ,
1288 1264 1550 1312 intenden-

110 1352 208 1389 tem
231 1341 309 1406 (1)
336 1339 495 1387 verbis
519 1339 630 1396 Dei,
655 1340 867 1397 curavit,
888 1350 936 1387 et
955 1357 1011 1387 ex
1033 1342 1180 1388 veteri
1207 1344 1548 1407 superstitione

110 1418 381 1484 Lycaonios
408 1416 496 1464 sibi
525 1416 789 1464 sacrificare
817 1418 1059 1476 volente5‚
1087 1420 1238 1466 scissis
1267 1420 1478 1468 vestibus
1503 1434 1550 1470 et

111 1496 315 1544 facunda
350 1496 540 1544 ratione
572 1495 785 1560 prolata,
816 1497 1129 1561 compescuit.
1165 1498 1280 1546 Post
1311 1499 1460 1546 multa
1500 1500 1549 1547 iu

110 1575 456 1642 praedicatione
476 1575 763 1631 certamina,
790 1575 1110 1640 quaestionem
1137 1594 1162 1622 a
1185 1576 1362 1623 Judaeis
1387 1576 1552 1643 bapti-

113 1656 226 1702 zatis
253 1654 457 1720 pertulit
475 1689 488 1711 ,
516 1671 576 1701 ne
600 1653 847 1701 credentes
868 1673 925 1701 ex
947 1654 1170 1720 gentibus
1192 1646 1555 1721 baptiz'arentur

112 1735 394 1800 priusquam
417 1733 898 1781 circumciderentur.
926 1734 1099 1781 Paulus
1121 1752 1236 1800 ergo
1265 1735 1552 1802 legationem

116 1813 330 1861 fidelium
351 1813 612 1861 Jerusalem
632 1812 806 1860 detulit
820 1850 833 1871 ‚
855 1818 1050 1861 Petrum
1069 1824 1116 1862 et
1132 1814 1366 1863 Jacobum
1379 1852 1392 1872 ,
1415 1815 1554 1862 alios-

116 1909 210 1956 que
248 1891 458 1938 seniores
499 1890 769 1947 consuluit;
810 1908 1076 1956 eorumque
1105 1891 1444 1939 diffinitionem
1468 1910 1555 1956 per

118 1969 369 2034 epistolam
388 1968 555 2015 retulit
569 2005 582 2026 ,
604 1978 658 2015 ut
677 1968 971 2016 abstinerent
989 1987 1036 2017 se
1054 1969 1113 2015 al)
1135 1969 1395 2018 immolatis
1413 1971 1556 2016 simu-

119 2049 361 2095 lacrorum
382 2058 429 2095 et
456 2048 686 2113 sanguine
711 2057 759 2094 et
785 2048 1017 2095 suffocato
1042 2058 1089 2095 et
1112 2047 1454 2095 fornicatione.
1501 2045 1504 2048 ⁴

186 2124 415 2190 Philippis
430 2144 452 2171 a
468 2125 621 2189 puella
638 2124 916 2190 phytonissa
928 2125 1002 2188 (2)
1014 2125 1237 2189 spiritum
1253 2125 1557 2172 immundum

122 2205 331 2269 expulit,
360 2216 408 2251 et
432 2207 583 2268 eJecto
612 2204 857 2262 daemone,
891 2205 973 2269 qui
1009 2221 1232 2269 responsa
1270 2205 1559 2270 inquirenti-

122 2283 212 2331 bus
242 2281 409 2337 dabat,
437 2282 597 2331 avidos
622 2294 884 2348 quaestores
919 2284 1077 2348 pretio
1111 2283 1421 2331 divinationis
1452 2284 1559 2347 pri-

125 2364 269 2409 ravit.
299 2362 438 2409 Unde
463 2361 522 2408 ab
546 2362 720 2409 eisdem
742 2373 1011 2421 accusatus,
1040 2374 1087 2410 et
1108 2373 1352 2427 praecepto
1376 2363 1558 2427 primo-

127 2459 238 2487 rum
270 2440 403 2487 urbis
436 2441 482 2486 in
516 2458 754 2488 carcerem
784 2442 979 2499 missus,
1020 2452 1170 2489 noctu
1207 2440 1264 2486 ad
1296 2441 1558 2487 Dominum

178 2655 228 2699 (ι)
254 2654 462 2689 Intendens
487 2662 542 2689 est
568 2655 643 2702 pris
664 2655 708 2689 ici
729 2654 818 2689 dans
842 2654 875 2689 le
896 2667 977 2689 sens
998 2655 1204 2690 d'mcde'ens.
1225 2656 1323 2691 C'cst
1340 2654 1385 2689 de
1405 2667 1444 2689 cc
1465 2661 1559 2695 mot,

134 2711 211 2757 pris
227 2711 316 2747 dans
333 2721 428 2748 cette
447 2714 655 2761 accvption‚
678 2715 794 2762 qu'cst
814 2727 908 2749 vcnu
930 2714 961 2749 lc
975 2714 1084 2750 verbe
1099 2715 1252 2762 srancais
1270 2713 1458 2750 culeum-e.

185 2772 235 2815 (Ἰ)
263 2773 385 2808 Lisez:
408 2775 644 2821 'qv-thanum,
