1738 3043
596 200 747 239 LIBER
778 201 985 240 PRIMUS.
1449 206 1496 243 45

89 283 241 330 lorum
260 283 550 346 (1).Pctru5‚
573 281 728 327 audita
745 291 1016 345 spontaneae
1036 283 1322 346 paupertatis
1341 283 1493 342 laude,

85 359 288 407 dulciter
313 358 594 406 exhilaratus
616 358 682 404 ait
704 357 761 404 ad
786 358 1046 405 Dominum
1077 378 1087 404 .·
1114 360 1247 406 Ecce
1273 378 1360 406 nos
1383 361 1494 407 reli-

86 438 275 500 quimus
306 436 498 491 omnia,
536 446 579 480 et
613 435 765 481 secuti
793 452 957 482 sumus
993 445 1049 481 le.
1093 436 1230 499 Quid
1261 454 1373 501 ergo
1408 440 1494 484 erit

85 512 269 560 nobis?
305 513 435 560 Jesus
475 521 632 558 autem
671 510 791 557 dixit
835 513 899 559 eis
942 532 951 557 :
995 513 1152 559 Amen
1198 514 1310 561 dieo
1359 514 1493 561 vobis

85 590 217 655 quod
257 609 370 649 vos,
414 591 500 655 qui
533 590 684 636 secuti
719 590 829 636 estis
867 607 972 646 me,
1019 591 1069 637 in
1106 595 1492 655 regeneratione,

85 685 192 714 cum
221 668 396 714 sederit
420 668 470 712 F
469 667 583 713 ilius
607 666 812 713 hominis
843 668 892 712 in
920 667 1031 713 sede
1063 669 1331 733 majestatis
1363 687 1490 727 sace,

82 744 306 791 sedebitis
342 756 386 790 et
421 761 507 791 vos
539 761 684 809 super
714 743 850 790 sedes
887 761 954 790 xit
981 745 1266 810 judicantes
1302 762 1368 791 x11
1406 748 1493 793 tri-

83 821 168 867 bus
209 822 380 868 Israel.
421 821 490 868 Et
532 822 684 868 omnis
725 822 811 886 qui
853 822 1095 886 reliquerit
1135 822 1331 869 domum
1350 859 1367 880 ,
1415 825 1496 869 vel

64 898 276 964 fratres,
311 912 395 946 aut
425 917 640 958 sorores,
677 909 763 946 aut
787 912 999 964 patrem,
1037 912 1121 947 aut
1151 912 1373 956 matrem,
1410 913 1493 948 ant

82 993 298 1034 lez-orem,
327 976 581 1041 azctfilc'os,
608 988 695 1022 cmc
713 993 859 1041 agros
879 988 1083 1043 propter
1105 995 1276 1024 nomen
1308 995 1489 1035 meum,

80 1056 353 1121 centuplum
400 1056 607 1120 accipiet
653 1065 696 1100 et
743 1055 894 1101 vitam
937 1066 1165 1102 (eternam
1203 1056 1489 1121 possidebit.

81 1132 230 1179 Multi
276 1145 433 1179 autem
484 1142 618 1178 erunt
655 1132 810 1197 primi
852 1134 1100 1181 novissimi
1151 1144 1194 1179 et
1246 1135 1494 1180 novissimi

73 1209 227 1272 primi
243 1210 263 1273 ζ
269 1210 317 1271 2)
328 1246 336 1255 .

144 1285 322 1333 Deinde
354 1286 623 1350 parabolam
654 1288 904 1352 proposuit
929 1287 985 1334 de
1010 1287 1372 1351 patrefamilias,
1407 1290 1489 1353 qui

79 1362 307 1410 conduxit
329 1366 570 1429 operarios
601 1365 649 1411 in
674 1365 860 1413 vineam
881 1383 1012 1411 suam
1042 1366 1236 1413 diversis
1260 1365 1416 1424 horis,
1442 1377 1489 1414 et

78 1441 306 1506 aequalem
339 1443 604 1490 mercedem
639 1443 780 1489 unius
814 1442 994 1490 denarii
1033 1443 1163 1491 dedit
1195 1445 1487 1510 unicuique,

78 1519 306 1583 incipiens
342 1537 366 1566 a
401 1521 667 1568 novissimis
698 1537 847 1585 usque
883 1521 940 1568 ad
976 1522 1157 1586 primos
1191 1523 1285 1587 (ὅ).
1327 1523 1488 1571 Varie—

76 1605 192 1642 tates
225 1595 449 1643 horarum
474 1598 632 1663 typice
667 1597 1003 1662 intelliguntur
1032 1600 1293 1647 secundum
1328 1610 1487 1649 aetates

74 1671 274 1720 labentis
314 1675 475 1722 seculi.
521 1676 660 1722 Mane
694 1675 852 1740 primo
891 1676 1125 1724 laboravit
1161 1678 1304 1737 Abel,
1349 1680 1486 1727 tertia

74 1748 202 1808 Noe,
231 1761 357 1798 sexta
381 1751 648 1809 Abraham,
679 1769 808 1798 nona
834 1752 1075 1818 legislator
1101 1755 1300 1818 Moyses,
1330 1756 1487 1803 Unde-

75 1826 192 1873 cima
217 1826 331 1875 hora
356 1827 570 1874 Christus
594 1829 746 1884 venit,
771 1840 818 1877 et
839 1831 1037 1895 gentiles
1063 1833 1266 1896 populos
1282 1869 1295 1890 ‚
1323 1846 1408 1879 cur
1436 1835 1484 1880 in

75 1903 184 1951 soro
218 1904 354 1970 hujus
386 1907 550 1952 mundi
589 1907 690 1953 otio
724 1919 945 1955 vacarent
965 1945 978 1965 ,
1017 1910 1283 1974 redarguit;
1318 1922 1365 1958 et
1399 1930 1485 1976 per

76 1979 217 2027 fidem
250 1981 298 2028 in
323 1982 530 2029 ecclesiae
563 2000 659 2029 suae
680 1983 815 2030 vinea
851 1985 1035 2048 operari
1062 1987 1305 2050 praecepit.
1332 1988 1484 2034 Aliter

75 2058 215 2104 etiam
231 2070 431 2123 possunt
453 2059 742 2107 diversitates
768 2060 993 2108 horarum
1012 2063 1069 2109 ad
1094 2081 1484 2130 unumquemque

72 2136 296 2202 distingui
326 2155 410 2201 per
438 2149 680 2186 momenta
707 2150 919 2186 aetatum.
954 2142 1121 2198 Mane,
1153 2144 1354 2206 pueritia
1388 2154 1479 2200 est;

74 2214 229 2271 tertia,
256 2213 595 2273 adolescentia5
619 2226 764 2273 sexta,
789 2218 1033 2280 juventus;
1064 2235 1208 2276 nona,
1241 2230 1478 2277 senectus;

71 2290 318 2338 undecima
342 2302 412 2339 est
434 2292 671 2358 decrepita
695 2303 806 2340 aetas
819 2329 833 2351 ,
854 2295 927 2341 vel
950 2306 1186 2342 veterana.
1216 2297 1269 2342 In
1290 2295 1360 2343 his
1380 2313 1482 2343 om-

71 2366 211 2416 nibus
233 2369 378 2435 aliqui
401 2370 458 2417 ad
478 2371 838 2420 conversionem
856 2372 1204 2436 perducuntur,
1224 2383 1272 2421 et
1287 2373 1483 2421 denario

114 2580 165 2624 (ι)
200 2580 329 2614 Matth.
371 2591 453 2623 mx,
501 2581 636 2624 ici-af„
675 2581 786 2616 Marc.
838 2581 971 2630 17-‘253
1008 2583 1092 2617 Luc.
1132 2595 1241 2624 nun,
1286 2582 1399 2618 18-25.
1437 2605 1476 2609 w

109 2640 121 2682 )
152 2638 283 2674 Matth.
322 2651 398 2682 xix,
431 2639 566 2679 ⁴25-303
599 2642 708 2675 Marc.
750 2653 766 2674 x
789 2670 797 2683 ,
834 2640 967 2684 ’λδ-δη
1002 2642 1087 2677 Luc.
1129 2655 1239 2686 an,
1278 2642 1399 2678 26-50.
1433 2664 1477 2668 —

111 2697 269 2739 >matut
291 2710 350 2739 xx,
378 2699 473 2733 1-16.

71 2638 83 2680 (

71 2697 81 2738 (

86 2649 104 2671 ‘J

86 2693 107 2729 3
