1738 3043
581 227 734 267 LIBER
762 226 1038 266 SECUNDUS.
1440 231 1509 266 201

106 311 166 358 Et
190 309 258 356 illi
281 308 474 374 quidem
508 306 642 355 ibant
673 307 924 372 gaudentes
954 326 977 353 a
1013 318 1268 372 conspectu
1292 307 1512 364 concilii,

105 387 334 454 quoniam
356 386 484 451 digni
511 384 657 432 habiti
683 396 794 432 sunt
817 402 907 450 pro
928 387 1121 433 nomine
1146 384 1320 432 Christi
1348 395 1516 433 contu-

104 464 292 511 meliam
315 464 433 528 pati.
462 463 606 511 Omni
632 473 790 510 autem
813 461 887 509 die
913 463 959 509 in
990 463 1167 527 templo
1202 473 1249 510 ct
1280 464 1401 510 circa
1430 463 1518 511 do-

105 559 208 590 mos
235 559 334 589 non
361 540 625 598 cessabant,
646 540 869 589 docentes
894 551 940 587 et
962 542 1330 607 evangelizantes
1357 542 1520 588 Chris-

108 629 209 665 tum
231 620 389 665 Jesum
409 618 503 682 (1).

170 698 223 744 ln
266 695 431 743 diebus
466 697 580 753 illis,
624 707 864 744 crescente
900 713 1103 743 numero
1139 696 1516 761 discipulorum,

103 775 283 822 sactum
303 786 370 823 est
390 785 557 823 contra
576 774 803 823 Hebraeos
818 792 1039 822 murmur
1056 774 1339 822 Graecorum
1352 811 1366 832 ,
1389 775 1520 840 quod

103 853 458 918 despicerentur
485 854 532 900 in
559 853 826 901 ministerio
850 852 1132 919 quotidiano
1151 851 1311 899 ‘viduae
1331 870 1516 900 eorum.

103 929 241 978 Unde
281 941 596 978 convocantes
638 947 705 978 xn
749 930 1110 978 multitudinem
1145 930 1516 994 discipulorum,

103 1007 329 1056 dixerunt
359 1027 368 1053 ε
400 1009 514 1056 lVon
537 1019 607 1055 est
630 1026 821 1073 oeqaum
855 1027 942 1056 nos
974 1009 1301 1073 derelinquere
1324 1007 1520 1053 verbum

103 1085 220 1142 Dei,
250 1097 294 1131 et
316 1087 587 1132 ministrare
605 1087 796 1132 mensis.
824 1086 1140 1132 Considerate
1159 1102 1289 1149 ergo,
1303 1082 1516 1147 fratres,

102 1164 233 1208 viros
258 1180 319 1208 ese
341 1162 476 1209 vobis
503 1162 617 1209 boni
641 1164 900 1210 testimonii
919 1175 1120 1228 septem,
1136 1162 1309 1229 plenos
1338 1161 1522 1226 Spiritu

105 1241 288 1287 Sancto
320 1251 364 1287 et
403 1243 677 1307 sapientia,
721 1260 839 1306 quos
876 1245 1223 1290 constituamus
1256 1259 1400 1307 super·
1433 1239 1523 1286 lzoc

104 1335 226 1383 opus
242 1341 263 1374 ,·
294 1337 380 1365 nos
406 1330 566 1365 autem
598 1321 808 1366 orationi
833 1333 875 1366 et
896 1321 1155 1367 ministerio
1178 1319 1314 1367 verbi
1337 1323 1525 1364 instan-

105 1404 174 1441 tes
202 1396 394 1441 erimus.
424 1395 618 1441 Cunctis
646 1395 736 1443 hoc
759 1396 1107 1453 annuentibus,
1135 1396 1381 1460 elegerunt
1413 1394 1521 1443 Ste-

104 1472 342 1538 phanum,
372 1475 528 1520 virum
553 1474 643 1522 fide
670 1485 717 1522 et
748 1477 932 1540 Spiritu
956 1477 1129 1523 Sancto
1153 1475 1347 1539 plenum
1366 1510 1379 1531 ,
1407 1473 1522 1520 Phi-

105 1549 288 1614 lippum
331 1561 377 1597 et
419 1552 681 1598 Procorum
704 1588 716 1609 ,
761 1552 1048 1600 Nicanorem
1091 1562 1137 1599 et
1179 1550 1486 1598 Timotheum
1508 1587 1522 1609 ,

105 1628 383 1676 Parmenam
420 1640 466 1676 et
491 1630 740 1677 Nicolaum
769 1630 996 1678 advenam
1025 1629 1398 1677 Antiochenum.
1429 1630 1526 1676 Hos

106 1714 214 1752 ante
241 1718 549 1770 conspectum
574 1708 903 1772 apostolorum
935 1717 1232 1763 statuerunt,
1262 1717 1309 1753 et
1336 1715 1525 1753 orantes

108 1783 172 1829 eis
214 1801 380 1830 manus
417 1786 767 1849 imposuerunt.
798 1788 851 1833 ln
885 1786 1141 1833 Jerusalem
1181 1785 1527 1849 discipulorum

108 1878 335 1908 numerus
373 1862 505 1909 valde
545 1863 986 1927 multiplicabatur,
1021 1863 1168 1910 multa
1209 1863 1350 1910 etiam
1386 1862 1526 1909 turba

108 1939 404 1986 sacerdotum
433 1941 539 1988 fidei
567 1941 918 2007 obsequebatur
939 1944 1030 2006 (2).

173 2018 463 2083 Stephanus,
508 2020 676 2084 plenus
708 2021 856 2085 gratia
889 2030 935 2067 et
969 2018 1280 2075 fortitudine,
1325 2017 1529 2064 faciebat

107 2095 322 2160 prodigia
357 2106 403 2142 ct
432 2097 561 2161 signa
588 2115 752 2160 magna
791 2098 836 2144 in
875 2097 1071 2162 populo.
1114 2097 1382 2142 Invidentes
1415 2111 1528 2159 ergo

107 2172 256 2220 Judaei
285 2175 332 2220 in
364 2174 496 2220 illum
523 2186 854 2232 surrexerunt3
895 2185 942 2222 et
978 2175 1270 2239 disputantes
1302 2190 1410 2218 cum
1443 2189 1522 2228 eo,

109 2251 350 2314 sapientiae
375 2262 423 2298 et
447 2253 674 2317 Spiritui,
715 2271 812 2318 quo
851 2252 1154 2318 loquebatur,
1184 2252 1403 2298 resistere
1430 2265 1529 2296 non

108 2339 389 2392 potuerunt.
417 2332 556 2377 Tunc
578 2331 718 2378 falsos
742 2342 902 2389 testes,
930 2331 1013 2396 qui
1037 2330 1252 2377 dicerent
1275 2345 1322 2375 se
1345 2326 1526 2374 audisse

110 2423 217 2454 eum
239 2408 477 2456 dicentem
498 2409 639 2457 verba
658 2409 961 2474 blasphemiae
989 2410 1036 2456 in
1061 2409 1260 2474 Moysen
1281 2416 1327 2454 et
1345 2407 1498 2453 Deum
1512 2441 1524 2461 ,

155 2619 206 2664 (ι)
232 2621 317 2655 Act.
336 2629 455 2667 apost.
475 2634 509 2665 ν,
531 2621 654 2665 54-4ἰ.
675 2624 816 2667 (Αηηέε
835 2620 879 2657 53
896 2622 942 2656 (lc
960 2621 1046 2656 l‘ere
1064 2621 1309 2664 cliretiennc.)

157 2678 207 2722 (2)
232 2678 330 2714 Ibid.
352 2693 385 2714 w
400 2709 408 2722 ‚
435 2694 505 2730 1-7.
529 2682 643 2716 Notre
662 2689 804 2723 auteur,
824 2681 913 2716 dans
932 2680 963 2715 la
980 2680 1060 2715 listc
1081 2679 1144 2715 des
1164 2686 1243 2726 sept
1264 2678 1422 2718 diam-cs,
1443 2675 1528 2709 suli—

113 2735 222 2770 stitue
242 2737 437 2774 Timothee
456 2742 474 2774 a
493 2741 640 2776 Timon.
