1738 3043
225 273 302 309 2(ἰῖ
591 269 834 308 Hls‘TORIA
867 269 1268 309 ECCLESIASTICA.

223 350 391 396 Paulus
424 349 559 394 illum
592 348 874 412 gaudentem
900 367 1007 395 cum
1045 351 1252 406 caeteris,
1285 350 1365 415 qui
1404 367 1459 398 ex
1492 353 1644 401 domo

223 429 418 474 (Ia‘saris
443 438 605 483 crant,
634 427 829 474 dimisit.

285 507 500 569 Cumque
523 505 651 552 Nero
678 506 948 552 Patroclum
975 506 1333 563 lamentaretur,
1363 516 1410 554 et
1435 507 1642 554 immen-

222 584 357 629 sitate
392 583 598 629 tristitiae
631 582 983 640 absorberetur,
1016 583 1196 630 audivit
1221 583 1280 630 ab
1315 583 1640 631 assistentibus

220 659 306 705 sibi
334 661 606 707 Patroclum
624 662 780 708 vivere
795 700 806 720 ,
832 672 879 709 et
897 680 985 726 pro
1005 661 1188 708 foribus
1213 661 1384 709 adesse.
1407 662 1547 723 Quod
1566 679 1639 709 au-

220 738 353 785 ‹liens
371 739 545 794 Caesar,
567 740 754 804 expavit
773 739 940 798 corde,
961 750 1007 786 et
1027 739 1271 786 recusabat
1288 757 1398 788 eum
1417 740 1637 798 introire,

220 833 399 881 suoque
428 817 635 880 aspectui
673 827 839 863 astare.
870 816 1081 863 Tandem
1117 819 1420 881 persuasione
1457 818 1642 865 amico-

219 911 327 939 rum
354 893 534 957 ingredi
560 894 799 957 permisit,
825 903 872 940 et
896 893 1058 941 videns
1083 911 1191 940 eum
1212 905 1478 959 vegetatum
1494 930 1507 951 ,
1536 894 1644 941 nul-

219 971 355 1035 laque
380 972 508 1035 signa
540 972 712 1019 mortis
746 970 1026 1028 habentem,
1061 972 1333 1036 obstupuit3
1373 982 1420 1020 et
1452 973 1640 1019 locutus

221 1067 329 1094 cum
351 1050 456 1105 illo,
484 1049 795 1095 christianum
817 1067 926 1095 cum
949 1067 1045 1095 esse
1071 1050 1313 1114 cognovit.
1337 1049 1474 1097 Unde
1498 1050 1644 1096 nimis

221 1128 365 1172 iratus
382 1163 394 1183 ,
417 1127 596 1191 alapam
618 1128 657 1173 ei
685 1126 842 1183 dedit;
870 1127 1069 1192 ideoque
1093 1127 1239 1191 magis
1263 1126 1342 1174 ille
1363 1127 1410 1173 in
1430 1127 1642 1175 Domino

219 1205 327 1251 vau
348 1205 594 1252 exultavit.
619 1206 757 1251 Tunc
782 1204 1016 1251 Barnabas
1040 1216 1087 1252 et
1109 1206 1268 1252 Justus
1283 1241 1295 1263 ,
1318 1205 1487 1252 Paulus
1505 1205 1642 1253 miles
1702 1243 1709 1253 .

219 1293 266 1329 et
298 1282 449 1329 Arion
481 1282 784 1348 Cappadocus
817 1294 864 1330 et
887 1283 1050 1329 Festus
1073 1282 1262 1340 Galata,
1289 1282 1496 1328 ministri
1531 1283 1640 1328 Cae-

218 1361 330 1406 saris
366 1370 413 1407 et
437 1361 602 1417 amici,
629 1360 856 1407 dixerunt
891 1361 931 1407 ei
963 1379 972 1404 :
1012 1361 1114 1407 Cur
1138 1372 1268 1408 recta
1296 1362 1563 1426 sapientem.
1597 1371 1641 1407 ec

225 1441 525 1486 veracissime
562 1440 925 1505 respondentem
959 1442 1175 1506 percutis
1205 1441 1469 1505 juvenem?
1508 1439 1641 1487 Nam

219 1529 262 1563 et
294 1535 379 1563 nos
415 1517 678 1564 militamus
710 1519 883 1564 invicto
920 1519 1025 1582 regi
1051 1518 1169 1564 Jesu.
1205 1517 1398 1564 Christo
1426 1518 1641 1564 Domino

222 1606 400 1641 nostro.
446 1596 601 1640 Caesar
641 1605 796 1641 autem
818 1630 830 1650 ,
875 1613 983 1641 cum
1025 1594 1228 1641 audisset
1269 1610 1368 1641 uno
1410 1611 1549 1641 sensu
1593 1605 1640 1641 et

221 1689 439 1718 sermone
473 1671 576 1717 illos
611 1671 840 1716 invictum
874 1689 1031 1735 regem
1056 1671 1216 1717 Jesum
1239 1669 1417 1727 dicere,
1444 1670 1640 1717 retrusit

221 1767 299 1795 cos
326 1750 371 1795 iu
400 1766 634 1794 carcerem
652 1784 663 1804 ‚
687 1759 737 1793 ut
765 1749 906 1794 nimis
928 1748 1032 1795 illos
1058 1758 1330 1812 torqueret,
1358 1765 1478 1813 quos
1496 1748 1639 1794 nimis

221 1841 329 1875 ante
348 1837 599 1874 amaverat.
624 1826 960 1874 Praedicatores
980 1844 1172 1891 quoque
1194 1826 1318 1872 illius
1338 1826 1498 1891 magni
1518 1826 1641 1890 regis

220 1922 522 1969 summopere
551 1904 731 1967 requiri
761 1905 926 1967 jussit,
960 1915 1007 1950 et
1042 1903 1248 1951 edictum
1282 1902 1426 1951 ferale
1455 1919 1640 1967 propo-

222 1985 338 2041 suit,
368 1994 421 2029 ut
446 1981 594 2029 sicubi
624 1983 975 2039 invenirentur,
1003 1982 1103 2029 sine
1129 1981 1527 2045 interrogatione,
1554 1998 1640 2045 per

222 2071 460 2109 tormenta
492 2060 617 2106 varia
642 2059 950 2123 punirentur.
987 2059 1166 2106 Fideles
1197 2076 1311 2123 ergo
1333 2058 1482 2104 multa
1505 2075 1639 2104 scru-

222 2140 400 2186 tatione
427 2157 450 2184 a
479 2138 710 2183 ministris
731 2136 1007 2201 reipublicae
1032 2136 1219 2201 quaesiti
1244 2146 1356 2182 sunt
1385 2147 1432 2182 et
1455 2135 1635 2181 inventi

220 2216 584 2281 quamplurimi,
612 2225 753 2279 atque
777 2215 832 2260 ad
858 2214 1160 2277 praesentiam
1189 2213 1384 2258 Caesaris
1420 2211 1638 2276 perducti

219 2303 346 2339 sunt.

289 2374 417 2417 luter
445 2389 522 2417 eos
548 2371 717 2416 Paulus
742 2369 1177 2416 consuetudinarias
1207 2367 1296 2414 sibi
1327 2384 1416 2432 pro
1440 2367 1638 2414 nomine

220 2449 392 2496 Christi
415 2459 596 2512 gestans
620 2458 803 2493 catenas
821 2483 832 2502 ,
855 2447 1023 2492 ductus
1044 2456 1112 2493 est
1130 2446 1334 2491 vinctus.
1360 2446 1517 2508 Ipsum
1538 2460 1637 2490 om-

220 2547 301 2574 nes
317 2527 393 2572 alii
411 2526 539 2571 velut
557 2525 839 2571 didascalum
859 2523 1191 2588 respiciebant,
1207 2523 1474 2586 meritoque
1492 2539 1634 2586 quem

220 2605 452 2651 Dominus
473 2621 550 2649 vas
569 2603 813 2650 electionis
835 2613 1081 2649 censuerat
1100 2599 1427 2657 honorabant,
1450 2599 1634 2663 sibique

222 2683 266 2727 in
299 2678 522 2728 omnibus
545 2678 881 2744 praeferebant.
915 2679 1027 2726 Inde
1051 2679 1179 2725 Nero
1203 2677 1302 2723 siue
1330 2675 1527 2738 alicujus
1555 2675 1635 2720 in-

220 2758 343 2804 ‹licio
375 2757 510 2804 facile
535 2757 692 2820 potuit
718 2773 1001 2820 cognoscere
1038 2756 1188 2817 ipsum
1215 2753 1370 2817 magni
1401 2751 1522 2816 regis
1549 2750 1635 2797 mi-
