1738 3043
538 194 692 233 LIBER
721 193 1001 232 SECUNDUS.
1405 195 1477 233 361

63 285 110 321 ct
130 273 345 339 diligenti
374 289 484 319 cura
510 272 717 319 seriatim
743 283 947 318 enarrat.
984 270 1096 319 lndc
1120 270 1338 337 quaedam
1366 271 1483 318 mihi

62 350 285 417 colligere
311 351 475 414 cupio,
503 350 560 397 ad
582 367 691 416 quae
715 349 975 414 colligenda
998 350 1233 414 Spiritum
1255 349 1484 396 Sanctum

63 430 238 477 invoco
253 466 266 487 ,
288 439 342 476 ut
365 447 507 494 opem
530 446 662 475 suam
685 446 792 476 meo
816 429 1041 494 dignetur
1062 429 1282 476 conferre
1305 427 1481 476 studio.

126 508 266 573 Apud
284 508 495 556 Judaeam
511 544 524 567 ‚
547 507 664 555 dum
682 508 917 554 Dominus
938 517 1100 555 noster
1119 509 1248 555 Jesus
1272 507 1486 554 Christus

59 586 366 651 praedicaret,
395 605 448 634 ac
479 586 535 633 ad
566 603 675 633 eum
710 585 860 631 multa
887 585 1025 632 turba
1059 586 1338 633 Judaeorum
1364 604 1487 634 con-

60 662 257 724 flueret,
297 676 344 712 et
375 682 424 712 ea
463 681 571 728 quae
606 663 862 710 necessaria
901 673 1037 710 erant
1072 663 1290 709 humanis
1325 662 1488 710 usibus

60 739 293 799 deferret,
333 750 474 806 atque
514 740 675 786 salutis
715 738 774 787 ab
811 757 868 787 eo
905 741 1120 788 semitam
1161 741 1360 788 solerter
1401 759 1488 787 au-

61 816 238 865 diendo
270 817 522 875 edisceret,
554 817 750 883 quidam
776 817 1099 866 nobilissimus
1125 817 1404 865 Judaeorum
1431 834 1487 864 ex

62 892 194 940 tribu
224 895 470 959 Benjamin
485 930 499 952 ,
530 895 728 942 nomine
754 895 1022 952 MarcelluS,
1044 893 1102 941 ad
1122 912 1230 942 eum
1254 895 1387 942 venit
1401 930 1415 952 ,
1442 905 1490 942 et

61 987 262 1018 uxorem
285 989 417 1018 suam
441 970 684 1019 Elizabeth
698 1007 710 1028 ,
733 972 1026 1037 unicumque
1047 971 1200 1019 filium
1224 971 1490 1019 Martialem

63 1066 127 1096 xv
147 1067 388 1098 annorum
405 1068 564 1099 secum
583 1050 735 1097 duxit.
754 1050 979 1098 Videntes
996 1062 1155 1098 autem
1175 1050 1365 1099 insolita
1382 1068 1490 1116 quae

65 1130 162 1193 ipse
191 1128 417 1187 faciebat,
447 1139 494 1177 et
518 1129 760 1177 audientes
797 1129 999 1177 salubria
1033 1148 1140 1196 quae
1175 1129 1489 1195 praedicabat,

63 1209 339 1273 compuncti
366 1208 508 1256 corde
530 1210 579 1255 in
599 1226 707 1256 eum
728 1208 1058 1267 crediderunt,
1083 1211 1278 1275 ipsoque
1291 1208 1493 1274 jubente

63 1303 88 1331 a
119 1284 260 1333 heato
285 1287 429 1334 Petro
456 1287 674 1352 apostolo
705 1286 929 1352 baptizati
957 1299 1087 1335 sunt.
1116 1287 1353 1335 Omnibus
1378 1303 1493 1334 vero

64 1361 121 1410 ad
152 1363 346 1428 propria
380 1362 744 1428 repedantibus,
777 1364 1005 1411 Martialis
1031 1375 1189 1412 totum
1214 1382 1261 1412 se
1280 1364 1496 1412 Domino

62 1442 172 1489 Jesu
205 1442 584 1501 commendavit,
619 1454 666 1490 et
697 1444 794 1507 ejus
813 1443 1113 1509 discipulatui
1133 1444 1313 1508 jugiter
1342 1442 1496 1490 inhae-

64 1519 141 1566 sit.
170 1518 405 1584 Apostolo
435 1521 613 1586 quippe
636 1522 803 1579 Petro,
837 1521 919 1587 qui
952 1522 993 1569 ei
1023 1522 1241 1586 proxima
1271 1521 1496 1568 affinitate

59 1595 379 1661 jungebatur,
425 1596 753 1646 indesinenter
791 1599 994 1646 sociatus
1032 1599 1297 1647 Dominum
1336 1598 1498 1645 Jesum

66 1674 370 1740 sequebatur.
395 1676 824 1725 Resuscitationem
843 1677 1148 1743 quatriduani
1168 1678 1328 1725 Lazari
1349 1676 1494 1734 vidit,

65 1753 326 1819 multisque
358 1754 459 1800 aliis
491 1756 734 1802 miraculis
771 1755 1009 1803 interfuit.
1043 1756 1320 1803 Ministerio
1355 1772 1498 1801 sacrae

69 1848 247 1887 coenae,
283 1831 480 1896 aliisque
504 1834 718 1898 mysticis
750 1833 951 1880 servitiis
976 1851 1086 1880 cum
1112 1833 1322 1898 Cleopba
1346 1832 1500 1878 mini-

67 1910 263 1966 stravit,
294 1919 340 1957 ct
373 1910 513 1957 certis
545 1909 926 1976 apparitionibus
958 1923 1068 1976 post
1096 1911 1499 1959 resurrectionem

68 1998 117 2036 et
153 1988 376 2054 gloriosae
410 1990 670 2037 ascensioni
704 2007 812 2036 cum
845 1989 946 2036 aliis
981 1989 1223 2054 discipulis
1258 1987 1497 2035 interfuit.

65 2067 341 2116 Adventum
361 2086 551 2134 quoque
569 2069 776 2133 Spiritus
793 2068 1007 2115 Paracliti
1028 2068 1231 2116 feliciter
1246 2066 1498 2132 persensit,

70 2156 118 2194 et
149 2145 323 2193 divinis
355 2146 719 2193 charismatibus
747 2146 996 2194 affluenter
1033 2145 1244 2192 imbutus
1276 2144 1499 2198 emicuit,

70 2234 212 2290 atque
236 2225 292 2271 ad
318 2224 735 2291 evangelizandum
755 2225 846 2273 sicle
867 2235 915 2273 et
934 2227 1084 2291 gratia
1111 2225 1372 2271 instructus
1389 2223 1504 2269 viri-

71 2303 183 2351 liter
206 2304 374 2369 viguit.

137 2383 250 2430 Post
272 2382 614 2448 dispersionem
631 2385 963 2450 apostolorum
981 2383 1211 2432 Martialis
1231 2399 1343 2429 cum
1361 2380 1503 2429 beato

72 2462 216 2509 Petro
245 2463 465 2528 apostolo
497 2464 774 2529 propinquo
807 2481 893 2512 suo
923 2463 1229 2511 Antiochiam
1259 2459 1500 2526 perrexit,

73 2549 120 2586 et
158 2539 268 2587 inde
306 2551 416 2605 post
449 2557 518 2587 vn
551 2558 702 2589 annos
729 2542 929 2589 Romam
958 2540 1116 2606 petiit.
1152 2539 1223 2587 lbi
1254 2540 1422 2586 Petrus
1457 2546 1503 2583 et

73 2617 186 2664 socii
203 2619 338 2681 ejusa
355 2618 582 2668 Marcello
597 2619 790 2668 consule
808 2620 855 2666 in
875 2618 1136 2684 hospitium
1150 2615 1351 2681 suscepti
1372 2625 1502 2669 sunt,

77 2705 123 2742 et
148 2695 194 2741 in
219 2695 365 2744 domo
385 2699 483 2762 ejus
507 2699 668 2745 multis
692 2697 856 2747 diebus
878 2697 1238 2754 habitaverunt,
1267 2707 1311 2743 et
1336 2695 1507 2742 Roma-
