1738 3043
570 212 723 252 LIBER
751 212 1028 252 SECUNDUS.
1429 218 1507 255 ‘223

94 296 239 341 Deum
259 294 438 340 audivit
453 330 464 349 ‚
487 305 533 339 et
552 293 784 358 baptizata
810 312 918 340 cum
941 294 1086 341 ‹lomo
1108 311 1187 340 sua
1213 294 1437 355 credidit,
1459 307 1505 343 et

92 370 248 417 fideles
270 370 393 435 apud
416 388 463 417 se
487 388 677 418 manere
700 369 889 417 obnixis
914 371 1132 434 precibus
1157 372 1311 436 coegit
1329 373 1423 436 (π).

152 448 298 494 Paulo
329 446 385 493 ad
422 448 688 494 orationem
721 448 853 494 eunti
888 465 996 493 cum
1031 448 1168 495 sociis
1193 450 1313 506 suis,
1349 450 1504 514 puella

86 526 304 591 (plcedam
325 525 500 573 habens
518 526 739 590 spiritum
758 524 1112 590 pliytonem(2)
1132 525 1378 585 obviabat3
1396 546 1504 593 quae

87 606 295 652 dominis
324 607 418 652 suis
444 622 669 671 magnum
689 615 927 670 quaestum
950 604 1210 653 divinando
1231 606 1502 671 praestabat.

88 684 200 729 Haec
224 683 329 731 illos
351 682 597 730 subsecuta
626 681 858 729 clamabat
879 703 888 728 :
917 683 1010 729 Isti
1031 682 1246 729 homines
1270 687 1391 732 servi
1414 686 1507 731 Det

86 761 270 808 excelsi
288 772 420 817 sunt,
447 761 532 824 qui
553 762 846 806 annuntiant
871 760 1009 807 vobis
1034 764 1169 809 'viam
1187 762 1377 808 salutis.
1405 764 1507 809 Hoc

84 837 200 884 dum
240 837 403 883 multis
446 836 611 884 diebus
649 836 826 883 faceret
841 873 854 893 ‚
899 836 1064 884 dolens
1105 838 1276 885 Paulus
1317 839 1505 903 spiritui

84 914 206 962 dixit
227 935 237 961 :
259 916 508 981 Proecipz'o
535 914 622 960 cibi
643 916 692 960 in
720 916 913 961 nomine
936 915 976 961 J
976 933 1059 961 esu
1085 916 1267 962 Christi
1292 918 1425 963 exire
1446 917 1509 964 ab

85 1011 161 1040 ea.
188 994 253 1040 Et
276 994 392 1041 exiit
417 993 580 1040 eadem
611 991 745 1040 hora.
766 992 994 1040 Videntes
1018 1004 1176 1041 autem
1202 995 1386 1042 domini
1411 997 1509 1060 ejus

85 1071 195 1135 quia
220 1071 337 1117 exiit
360 1088 463 1135 spes
486 1080 695 1135 quaestus
720 1086 914 1126 eorum,
943 1070 1047 1116 irati
1073 1081 1209 1128 sunt,
1236 1072 1436 1119 Paulum
1461 1084 1509 1120 et

86 1147 230 1194 Silam
247 1147 565 1212 apprehensos
585 1147 634 1193 in
651 1146 814 1194 forum
829 1147 886 1193 ad
903 1148 1141 1212 principes
1160 1149 1507 1213 perduxerunt,

86 1236 133 1273 et
154 1226 285 1292 quod
310 1226 557 1273 insolitum
576 1225 805 1273 Romanis
830 1243 1013 1274 morem
1039 1228 1373 1275 annuntiando
1396 1229 1508 1275 civi-

88 1315 233 1352 tatem
267 1304 639 1362 conturbarent,
678 1316 1030 1352 accusaverunt.
1065 1306 1279 1353 Turbida
1317 1325 1510 1373 quoque

87 1381 220 1447 plebs
260 1394 429 1430 contra
466 1384 746 1431 innocentes
783 1385 1049 1431 concurrit.
1090 1386 1229 1432 Jussu
1261 1387 1513 1451 magistra-

90 1470 225 1507 tuum
243 1461 389 1526 virgis
407 1462 512 1508 caesi
533 1471 645 1507 sunt
655 1497 669 1518 ‚
692 1471 739 1508 et
756 1462 803 1507 in
825 1462 1106 1510 interiorem
1125 1481 1363 1511 carcerem
1381 1465 1510 1511 missi

87 1548 222 1595 sunt,
244 1554 508 1604 eorumque
532 1538 673 1603 pedes
698 1538 747 1585 in
773 1538 906 1603 ligno
925 1540 1173 1586 constricti
1200 1551 1330 1588 sunt.
1359 1542 1512 1589 Media

87 1625 229 1662 nocte
262 1615 436 1662 Paulus
473 1625 520 1662 et
555 1615 672 1661 Silas
707 1615 959 1664 adorantes
994 1617 1256 1664 Dominum
1288 1618 1512 1667 laudave-

87 1702 228 1748 runt,
261 1695 452 1758 ejusque
486 1692 713 1738 auxilium
744 1693 1011 1758 specialiter
1043 1705 1308 1742 senserunt.
1348 1697 1513 1744 Terrae

88 1781 247 1817 motus
273 1770 433 1818 subito
468 1788 667 1836 magnus
702 1770 855 1817 factus
888 1782 984 1830 cst,
1023 1772 1085 1818 ita
1118 1783 1174 1819 ut
1202 1785 1515 1821 moverentur

87 1846 396 1895 fundamenta
423 1849 642 1896 carceris⁴
667 1848 837 1896 Omnia
859 1851 977 1896 ostia
1002 1851 1161 1896 statim
1186 1862 1346 1915 aperta
1372 1862 1508 1909 sunt,

89 1936 137 1973 et
156 1927 492 1974 universorum
513 1927 701 1973 vincula
731 1927 883 1974 soluta
915 1939 1045 1974 sunt.
1081 1929 1162 1975 His
1191 1930 1349 1994 itaque
1374 1930 1509 1987 visis,

90 2006 376 2053 carcerarius
401 2006 543 2052 nimis
568 2005 762 2052 territus
795 2016 892 2062 est,
925 2016 972 2053 et
1002 2006 1160 2053 audita
1191 2008 1378 2055 ratione
1404 2009 1510 2057 fidei

90 2101 115 2130 a
138 2084 311 2141 Paulo,
344 2084 539 2132 credens
564 2101 674 2130 cum
698 2085 831 2131 omni
857 2084 1002 2132 domo
1029 2103 1108 2131 sua
1136 2085 1399 2151 baptizatus
1422 2098 1510 2134 est.

91 2162 392 2227 Magistratus
412 2161 544 2209 urbis
556 2198 571 2222 ,
590 2161 752 2209 audito
771 2163 901 2227 quod
919 2163 1124 2210 Romani
1144 2175 1299 2211 essent
1311 2200 1324 2222 ,
1347 2165 1514 2213 timue-

92 2250 237 2296 runt,
280 2252 327 2288 et
363 2240 421 2287 de
458 2257 644 2287 carcere
677 2240 956 2298 educentes,
991 2252 1046 2288 ut
1084 2241 1423 2307 egrederentur
1456 2243 1514 2290 de

94 2316 211 2366 urhe
249 2329 555 2384 rogaverunt.
593 2318 708 2366 Inde
746 2318 947 2385 Lydiam
981 2319 1299 2376 introierunt,
1339 2331 1386 2367 et
1429 2338 1516 2386 per

94 2392 421 2459 Amphipolim
445 2413 498 2442 ac
520 2395 826 2460 Apolloniam
851 2395 1235 2444 Thessalonicam
1256 2408 1510 2446 venerunt.

96 2469 165 2517 Ibi
199 2488 285 2536 per
319 2473 406 2518 tria
443 2471 633 2519 sabbata
659 2472 827 2519 Paulus
854 2474 903 2520 in
928 2491 1216 2540 synagogam
1236 2474 1513 2522 Judaeorum

143 2669 193 2714 (1)
219 2670 305 2704 Act.
322 2677 440 2716 apost.
462 2683 517 2713 xv,
541 2669 684 2714 52-xv1‚
712 2670 763 2705 15.
784 2670 941 2717 (ὄπ-59..)

143 2727 192 2771 (¹2)
220 2727 318 2762 Lisez
338 2743 342 2760 τ
364 2729 578 2775 pythonem.
