1738 3043
572 253 724 292 LIBER
751 253 1034 293 SECUNDUS.
1443 260 1514 296 261

94 334 173 381 ubi
212 335 343 398 prius
382 331 731 396 hospitabatur,
771 333 988 396 repetiit;
1027 344 1073 380 et
1113 333 1225 380 illuc
1258 335 1522 382 amicorum

92 412 297 477 plurima
335 410 508 458 cohors
545 410 601 457 ad
635 427 744 457 eum
777 409 985 474 gaudens
1021 413 1266 458 convenit.
1306 414 1524 478 Denique

92 488 295 554 quadam
314 489 390 536 die
404 525 416 545 ,
437 488 552 535 dum
571 487 761 534 salutari
783 487 1020 534 doctrinae
1042 489 1316 550 inserviret,
1334 501 1381 538 et
1401 491 1524 537 circa

94 585 337 632 vesperam
364 568 411 613 in
435 565 685 613 coenaculo
707 565 897 612 editiori
924 566 1088 613 turbas
1108 567 1345 625 erudiret,
1366 570 1527 617 Patro-

93 644 192 690 clus
218 644 443 708 pincerna
468 643 589 707 regis
609 660 632 688 a
656 642 992 690 consodalibus
1012 644 1107 690 suis
1135 645 1363 692 invitatus
1380 683 1393 704 ,
1417 647 1527 693 Cae-

94 723 207 769 saris
227 740 274 769 se
291 721 559 768 subducens
582 720 849 786 aspectibus
866 757 879 778 ,
901 722 958 768 ad
983 720 1247 786 hospitium
1270 724 1400 770 Pauli
1422 742 1527 789 per-

94 801 219 848 rexit
249 817 468 864 vespere,
496 810 550 845 ut
583 798 769 847 audiret
795 799 1082 848 documenta
1114 802 1225 848 vitae
1260 813 1523 868 perpetuae.

95 878 185 927 Sed
207 896 316 925 cum
333 897 434 943 prae
450 878 763 926 multitudine
777 879 943 944 populi
964 879 1021 926 ad
1039 880 1321 945 magistrum
1343 880 1525 946 ingredi

97 974 197 1005 non
227 967 410 1022 posset,
440 967 492 1002 ut
518 957 721 1004 verbum
748 958 860 1014 Dei,
889 956 1019 1023 quod
1044 958 1288 1006 ferventer
1310 958 1526 1019 amabat,

39 1095 42 1098 Δ
95 1035 394 1083 commodius
419 1035 630 1092 audiret,
662 1035 719 1082 ad
743 1035 1000 1084 fenestram
1028 1037 1338 1085 excelsiorem
1361 1055 1530 1085 ascen-

95 1113 190 1171 dit,
215 1124 262 1161 et
286 1132 416 1161 secus
437 1131 537 1161 eam
559 1113 696 1161 sedit.
720 1114 904 1162 Verum
929 1132 1040 1161 cum
1061 1114 1278 1178 profluus
1300 1132 1459 1163 sermo
1478 1117 1528 1162 in

96 1192 296 1257 longum
329 1191 694 1256 protraheretur
723 1203 769 1239 et
790 1194 979 1257 juvenis
1012 1211 1185 1241 somno
1216 1192 1527 1259 fatigaretur,

99 1270 350 1317 insidiante
381 1270 555 1317 invidia
589 1270 765 1317 diaboli
791 1272 1042 1336 paululum
1065 1272 1327 1320 dormitare
1352 1274 1527 1338 coepit3

98 1348 363 1415 cadensque
386 1350 443 1397 de
468 1349 674 1397 fenestra
696 1351 804 1397 satis
827 1351 993 1398 excelsi
1015 1351 1280 1409 coenaculi,
1307 1353 1531 1416 spiritum

97 1427 333 1475 exhalavit
363 1428 457 1491 (ι).
495 1427 635 1488 Quod
668 1446 781 1475 mox
811 1428 991 1477 Neroni
1017 1446 1041 1475 a
1068 1428 1240 1476 balneo
1270 1430 1529 1476 revertenti

99 1506 376 1552 nuntiatum
399 1517 485 1553 est.
509 1505 648 1553 Unde
669 1506 817 1563 idem,
839 1508 947 1572 quia
962 1510 1191 1571 juvenem
1211 1506 1344 1554 valde
1363 1506 1534 1555 dilexe-

98 1596 199 1640 rat,
223 1585 534 1632 contristatus
556 1595 648 1642 est;
671 1585 885 1651 aliusque
908 1587 954 1632 in
984 1586 1091 1634 loco
1116 1588 1213 1651 ejus
1233 1587 1291 1633 ad
1310 1588 1408 1634 vini
1431 1587 1531 1634 offi-

99 1663 226 1708 cium
250 1662 498 1710 ordinatus
525 1675 612 1711 est.

165 1740 336 1787 Paulus
367 1759 482 1788 vero
501 1777 513 1798 ,
542 1742 624 1806 qui
658 1742 863 1806 populos
895 1742 1024 1788 intus
1050 1742 1341 1801 instruebat,
1370 1745 1532 1790 statim

98 1836 183 1882 per
207 1819 444 1883 Spiritum
471 1821 700 1885 cognovit
731 1819 862 1885 quod
885 1832 1072 1886 gestum
1096 1831 1224 1878 erat,
1252 1822 1532 1887 populoque

99 1897 323 1960 praesenti
371 1898 643 1954 nuntiavit,
689 1896 876 1962 sibique
923 1915 1096 1962 corpus
1138 1899 1354 1945 exanime
1402 1899 1533 1945 illico

100 1975 255 2021 afferri
284 1977 530 2040 praecepit.
561 1977 742 2023 Deinde
778 1976 921 2024 allato
954 1976 1200 2034 cadavere,
1232 1978 1404 2024 Paulus
1428 1978 1534 2043 ple-

100 2054 207 2100 bem
235 2054 471 2101 allocutus
496 2065 593 2111 est,
629 2072 680 2101 ac
706 2065 760 2101 ut
783 2055 921 2118 plena
947 2054 1038 2102 fide
1058 2072 1148 2119 pro
1174 2055 1534 2104 resuscitatione

102 2135 280 2180 mortui
310 2134 572 2181 Dominum
593 2135 754 2181 Jesum
779 2145 975 2182 orarent
996 2134 1275 2182 exhortatus
1299 2146 1385 2183 est.
1415 2135 1534 2182 Uni-

102 2213 245 2259 versis
270 2213 476 2260 orationi
503 2212 962 2277 procumbentibus,
994 2212 1127 2259 finita
1154 2231 1295 2277 prece
1324 2213 1391 2259 ait
1417 2214 1535 2260 Pau·

103 2290 173 2336 lus
203 2311 211 2335 :
240 2291 542 2337 Adolescens
564 2291 821 2349 Patrocle,
842 2309 986 2356 surge
1011 2303 1053 2337 ec
1079 2309 1229 2338 narra
1246 2303 1431 2356 quanta
1450 2291 1539 2338 tibi

87 2367 269 2425 fecerit
305 2368 565 2416 Dominus.
603 2369 715 2416 Mox
751 2369 996 2416 Patroclus
1039 2380 1268 2434 tanquam
1304 2387 1328 2414 a
1364 2385 1535 2416 somno

104 2447 336 2503 surrexit,
364 2458 412 2493 et
445 2446 712 2511 glorificare
746 2447 899 2496 Deum
936 2448 1324 2513 omnipotentem
1363 2449 1531 2512 coepit.

153 2664 202 2703 (i)
227 2663 310 2695 Ceri
328 2669 379 2696 est
402 2661 498 2696 l'une
516 2661 579 2695 des
596 2660 895 2708 1·‹·prod11ctioiiS‚
918 2661 945 2694 si
966 2660 1175 2708 frequentes
1191 2660 1281 2694 dans
1301 2659 1350 2694 les
1365 2659 1534 2705 legendos

108 2721 348 2766 ..puri-xplws,
369 2721 416 2755 «lu
439 2721 585 2756 inirach¹
603 2733 665 2767 pai·
685 2720 801 2768 lequel
823 2733 913 2754 nous
932 2733 1065 2755 venons
1081 2720 1126 2755 de
1149 2721 1225 2755 voit·
1247 2732 1318 2766 qur
1335 2720 1424 2753 saint
1447 2720 1533 2754 l'aul

110 2780 197 2813 avait
222 2781 409 2814 rossum-ms
430 2781 583 2828 lejennv
606 2782 791 2817 Eutvclius
811 2780 855 2814 dv
877 2780 1062 2826 t‘h'ilippcs
