1738 3043
258 327 331 363 172
620 324 858 362 HISTORIA
890 325 1288 364 ECCLESIAS'HCA.

252 402 430 448 sublata
452 402 640 448 fucrant
654 439 667 459 ‚
695 421 891 467 corpora
911 405 1110 468 recepit,
1137 405 1434 469 propriisque
1453 405 1565 452 locis
1586 423 1658 453 re-

252 491 470 527 verenter
501 481 725 526 restituit.
755 483 853 545 lpse
881 482 973 528 dux
1010 483 1278 546 Legonaum
1311 499 1418 528 cum
1444 483 1657 546 proceri-

255 557 341 603 bus
366 559 460 604 suis
485 559 717 622 perrexit,
744 559 1021 625 glebamque
1046 561 1193 606 sancti
1226 560 1458 607 Gualarici
1485 561 1533 606 in
1555 577 1661 608 mo-

255 636 461 682 nasterio
485 654 622 700 super
645 638 853 684 Sominae
882 638 1057 684 {lumen
1081 639 1171 683 sito
1204 638 1398 694 locavit3
1433 648 1481 684 et
1505 638 1660 701 ejectis

253 712 556 760 saecularibus
574 716 829 772 canonicis,
852 716 1085 779 regulares
1099 715 1355 763 monachos
1371 714 1658 780 subrogavit.

254 788 364 836 Non
389 790 542 837 multo
576 803 709 855 post,
747 802 800 837 ut
832 791 1012 838 (lictum
1039 803 1132 848 est,
1161 809 1360 856 regnum
1386 792 1579 848 invasit,
1617 802 1664 838 et

255 867 503 931 progenies
528 869 624 931 ejus
643 886 788 933 nsque
814 870 861 915 in
885 868 1170 916 hodiernum
1187 869 1311 916 diem
1332 870 1379 915 in
1396 886 1544 934 regno
1561 885 1666 933 per-

255 942 459 989 duravit.
490 944 703 1004 Quatuor
730 946 857 992 enim
892 964 1019 1010 reges
1048 946 1105 993 de
1139 947 1283 1010 stirpe
1307 948 1405 1010 jam
1437 962 1666 1011 regnave-

256 1032 374 1067 runt
407 1022 575 1085 ipsius,
621 1023 667 1068 id
702 1033 770 1070 est
802 1023 1103 1082 Rodbertus,
1138 1025 1393 1080 Henricus,
1422 1023 1667 1087 Philippus

258 1110 305 1145 et
327 1099 593 1146 Ludovicus
621 1102 710 1164 (1).
738 1102 875 1165 Hugo
901 1119 983 1148 rex
1018 1102 1067 1147 in
1096 1102 1233 1149 initio
1259 1102 1392 1166 regni
1428 1102 1496 1147 sui
1523 1117 1670 1166 syno-

258 1174 372 1222 dum
397 1178 555 1223 Remis
580 1178 909 1243 congregavit,
932 1189 979 1225 et
1004 1179 1249 1227 sewinum
1268 1178 1514 1225 Senonicae
1539 1175 1670 1223 urbis

258 1252 663 1319 archiepiscopum
689 1273 796 1302 cum
821 1256 1122 1321 suffraganeis
1146 1257 1239 1302 suis
1265 1255 1505 1312 invitavit,
1532 1264 1671 1319 atque

258 1332 489 1379 domnum
512 1334 772 1381 Arnulsum
798 1336 1057 1383 Remorum
1082 1334 1487 1398 archiepiscopum
1509 1332 1672 1398 degra-

259 1408 358 1454 dari
383 1409 513 1456 fecit.
544 1410 737 1458 Dicebat
762 1412 891 1457 enim
912 1429 968 1458 ex
992 1410 1259 1460 concubina
1282 1420 1448 1457 natum
1466 1445 1478 1467 ,
1505 1425 1674 1457 secun-

261 1487 376 1533 dum
411 1505 613 1535 canones
631 1526 643 1546 ,
671 1508 768 1537 non
796 1489 967 1537 debere
990 1508 1085 1537 esse
1111 1490 1402 1554 episcopum.
1429 1488 1503 1535 Illi
1528 1487 1674 1534 nimi-

261 1583 370 1612 rum
401 1566 668 1625 invidebat,
700 1572 809 1633 quia
833 1569 890 1616 de
913 1569 1055 1633 regali
1082 1569 1296 1633 prosapia
1321 1567 1483 1615 Karoli
1508 1566 1673 1631 Magni

262 1653 385 1700 erat,
413 1643 559 1691 frater
591 1645 802 1692 Lotharii
833 1647 978 1710 regis,
1018 1645 1097 1692 sed
1120 1664 1175 1692 ex
1209 1643 1475 1693 concubina
1506 1655 1670 1700 natus;

263 1721 476 1768 moribus
518 1734 673 1770 tamen
719 1724 924 1789 inclytus
943 1760 955 1780 ,
998 1725 1106 1788 quia
1152 1723 1306 1770 bonus
1346 1733 1446 1769 erat
1482 1732 1528 1769 et
1566 1737 1676 1768 mo-

263 1799 436 1847 destus.
465 1800 758 1848 Venerabilis
783 1813 940 1849 autem
970 1802 1185 1850 Sewinus
1212 1801 1316 1865 plus
1348 1801 1501 1847 Deum
1533 1816 1675 1864 quam

265 1877 514 1941 Hugonem
554 1881 759 1936 metuit,
811 1879 1010 1943 ideoque
1047 1880 1095 1924 in
1135 1879 1304 1942 injusta
1344 1876 1676 1941 degradatione

266 1955 458 2001 Arnulsi
482 1974 580 2004 non
605 1958 868 2014 consensit;
892 1957 970 2004 sed
986 1957 1149 2021 magis,
1175 1958 1226 2003 in
1245 1967 1478 2021 quantum
1496 1954 1673 2018 potuit,

270 2032 424 2095 ipsum
464 2052 596 2100 regm
636 2034 892 2099 redarguit.
930 2035 1068 2082 Unde
1101 2035 1256 2099 regius
1289 2033 1426 2081 furor
1458 2033 1507 2078 in
1542 2031 1677 2078 illum

267 2110 511 2168 efferbuit,
540 2122 587 2159 et
613 2112 670 2158 ad
697 2113 975 2177 explendam
1005 2113 1318 2160 temeritatem
1341 2128 1484 2176 quam
1508 2125 1675 2156 conce-

269 2199 403 2252 perat
436 2191 577 2236 nimis
609 2191 796 2238 exarsit.
823 2190 916 2237 Alii
950 2208 1064 2238 vero
1095 2190 1329 2254 episcopi,
1367 2189 1478 2236 licet
1509 2187 1677 2242 inviti,

318 2385 367 2426 (1)
394 2384 464 2417 Sur
480 2391 572 2418 cette
586 2385 699 2418 vision
724 2385 768 2418 de
787 2385 938 2431 Hugues
953 2385 1084 2431 Capet‚
1107 2391 1143 2418 et
1162 2396 1222 2417 sur
1241 2383 1290 2417 les
1305 2385 1536 2417 evenements
1554 2382 1617 2429 qui
1637 2393 1682 2416 en

271 2441 396 2475 surent
414 2441 446 2474 la
466 2442 574 2484 suite,
596 2455 701 2488 voyez
721 2442 771 2477 les
789 2444 884 2477 Λεία
909 2444 977 2477 SS.
997 2443 1077 2477 ord.
1103 2444 1141 2477 S.
1168 2442 1374 2485 Benedicti,
1393 2454 1480 2476 soec.
1502 2453 1537 2485 v,
1559 2453 1596 2487 p.
1614 2437 1683 2474 556

271 2506 307 2534 et
328 2500 416 2533 suiv.
435 2501 481 2534 Le
500 2513 583 2534 nom
604 2501 762 2547 primitis
781 2500 831 2535 du
851 2502 921 2535 lieu
944 2504 1112 2536 consacre
1132 2514 1196 2548 par
1210 2501 1243 2536 la
1263 2500 1447 2548 sepulture
1464 2498 1509 2534 de
1529 2511 1569 2533 ce
1591 2498 1683 2532 saint

273 2571 498 2605 personnage
512 2560 757 2606 (aujom-‹l'hui
770 2561 1287 2606 saint-Yaleri-sur-Somme)
1301 2560 1392 2594 n’est
1406 2571 1467 2606 pas
1480 2559 1679 2605 Legonau8‚

275 2621 364 2654 mais
393 2621 614 2655 Leucon-ms.
636 2622 732 2655 C'est
755 2634 800 2656 en
824 2622 887 2669 981
920 2635 990 2669 que
1018 2634 1071 2656 ses
1101 2622 1257 2668 reliques
1283 2634 1305 2667 y
1334 2621 1457 2655 surent
1475 2619 1684 2666 rapportees

276 2692 341 2726 par
366 2680 514 2725 llugues
542 2694 586 2714 en
612 2694 808 2728 personne,
836 2683 940 2729 apres
958 2682 1046 2729 qu’il
1072 2694 1116 2715 en
1142 2688 1205 2715 eut
1224 2681 1325 2727 exige
1351 2679 1382 2714 la
1408 2679 1616 2714 restitution
1633 2676 1682 2711 du

277 2745 395 2773 comte
411 2738 456 2772 du·
474 2739 626 2774 Flandre
639 2768 647 2781 ,
669 2754 713 2774 en
739 2740 770 2774 le
789 2747 977 2787 inenaqant
993 2740 1116 2775 d’aller
1134 2740 1183 2774 les
1207 2738 1385 2774 cherchcr
1399 2740 1417 2772 a
1435 2737 1467 2772 la
1487 2737 1559 2772 tete
1577 2735 1684 2770 d’une

278 2800 398 2833 armce
418 2799 470 2834 s'il
491 2812 534 2833 n«-
557 2799 605 2833 les
625 2800 763 2834 rendait
785 2813 844 2846 pas
864 2799 907 2834 de
928 2800 997 2835 bon
1019 2801 1081 2845 gre
