<?xml version="1.0" encoding="UTF-8"?>
<!DOCTYPE html PUBLIC "-//W3C//DTD XHTML 1.0 Transitional//EN"
    "http://www.w3.org/TR/xhtml1/DTD/xhtml1-transitional.dtd">
<html xmlns="http://www.w3.org/1999/xhtml" xml:lang="en" lang="en">
 <head>
  <title>
</title>
<meta http-equiv="Content-Type" content="text/html;charset=utf-8" />
  <meta name='ocr-system' content='tesseract 3.04.00' />
  <meta name='ocr-capabilities' content='ocr_page ocr_carea ocr_par ocr_line ocrx_word'/>
</head>
<body>
  <div class='ocr_page' id='page_1' title='image "./ordericivitalish01ordeuoft_0261.png"; bbox 0 0 1738 3043; ppageno 0'>
   <div class='ocr_carea' id='block_1_1' title="bbox 587 262 1538 304">
    <p class='ocr_par' dir='ltr' id='par_1_1' title="bbox 587 262 1538 304">
     <span class='ocr_line' id='line_1_1' title="bbox 587 262 1538 304; baseline 0.004 -4"><span class='ocrx_word' id='word_1_1' title='bbox 587 262 740 300; x_wconf 83' lang='lat' dir='ltr'>LlssER</span> <span class='ocrx_word' id='word_1_2' title='bbox 770 263 1052 301; x_wconf 65' lang='lat' dir='ltr'>SECUNDUS.</span> <span class='ocrx_word' id='word_1_3' title='bbox 1461 265 1538 304; x_wconf 75' lang='lat'>245</span> 
     </span>
    </p>
   </div>
   <div class='ocr_carea' id='block_1_2' title="bbox 100 339 1542 2606">
    <p class='ocr_par' dir='ltr' id='par_1_2' title="bbox 100 339 1542 2606">
     <span class='ocr_line' id='line_1_2' title="bbox 106 339 1542 406; baseline 0.001 -17"><span class='ocrx_word' id='word_1_4' title='bbox 106 340 410 406; x_wconf 79' lang='lat' dir='ltr'>pugnabant,</span> <span class='ocrx_word' id='word_1_5' title='bbox 444 339 654 388; x_wconf 82' lang='lat' dir='ltr'>dicentes</span> <span class='ocrx_word' id='word_1_6' title='bbox 686 362 696 386; x_wconf 92' lang='lat'>:</span> <span class='ocrx_word' id='word_1_7' title='bbox 729 340 871 388; x_wconf 70' lang='lat' dir='ltr'>Nihil</span> <span class='ocrx_word' id='word_1_8' title='bbox 906 344 1029 399; x_wconf 76' lang='lat' dir='ltr'>mali</span> <span class='ocrx_word' id='word_1_9' title='bbox 1064 344 1329 390; x_wconf 66' lang='lat' dir='ltr'>invenimus</span> <span class='ocrx_word' id='word_1_10' title='bbox 1368 345 1417 390; x_wconf 79' lang='lat' dir='ltr'>in</span> <span class='ocrx_word' id='word_1_11' title='bbox 1449 345 1542 392; x_wconf 82' lang='lat' dir='ltr'>lzo-</span> 
     </span>
     <span class='ocr_line' id='line_1_3' title="bbox 105 419 1541 487; baseline 0.002 -21"><span class='ocrx_word' id='word_1_12' title='bbox 105 421 236 466; x_wconf 82' lang='lat' dir='ltr'>mine</span> <span class='ocrx_word' id='word_1_13' title='bbox 268 423 383 475; x_wconf 78' lang='lat' dir='ltr'>isto,·</span> <span class='ocrx_word' id='word_1_14' title='bbox 413 419 536 484; x_wconf 78' lang='lat' dir='ltr'>quid</span> <span class='ocrx_word' id='word_1_15' title='bbox 558 420 604 466; x_wconf 77' lang='grc' dir='ltr'>.ςί</span> <span class='ocrx_word' id='word_1_16' title='bbox 628 420 827 485; x_wconf 75' lang='lat' dir='ltr'>spiritus</span> <span class='ocrx_word' id='word_1_17' title='bbox 856 419 1044 466; x_wconf 75' lang='lat' dir='ltr'>locutus</span> <span class='ocrx_word' id='word_1_18' title='bbox 1077 432 1146 467; x_wconf 79' lang='lat' dir='ltr'>est</span> <span class='ocrx_word' id='word_1_19' title='bbox 1173 422 1242 479; x_wconf 76' lang='lat' dir='ltr'>ei,</span> <span class='ocrx_word' id='word_1_20' title='bbox 1273 433 1358 468; x_wconf 79' lang='lat' dir='ltr'>aut</span> <span class='ocrx_word' id='word_1_21' title='bbox 1382 440 1541 487; x_wconf 78' lang='lat' dir='ltr'>(mge—</span> 
     </span>
     <span class='ocr_line' id='line_1_4' title="bbox 107 496 1536 563; baseline 0.002 -19"><span class='ocrx_word' id='word_1_22' title='bbox 107 496 219 544; x_wconf 73' lang='lat' dir='ltr'>lus?</span> <span class='ocrx_word' id='word_1_23' title='bbox 234 497 385 563; x_wconf 77' lang='lat' dir='ltr'>Igitur</span> <span class='ocrx_word' id='word_1_24' title='bbox 405 515 514 543; x_wconf 91' lang='lat' dir='ltr'>cum</span> <span class='ocrx_word' id='word_1_25' title='bbox 533 514 703 561; x_wconf 79' lang='lat' dir='ltr'>magna</span> <span class='ocrx_word' id='word_1_26' title='bbox 725 496 955 544; x_wconf 84' lang='lat' dir='ltr'>dissensio</span> <span class='ocrx_word' id='word_1_27' title='bbox 973 496 1097 544; x_wconf 87' lang='lat' dir='ltr'>facta</span> <span class='ocrx_word' id='word_1_28' title='bbox 1118 508 1262 556; x_wconf 86' lang='lat' dir='ltr'>esset,</span> <span class='ocrx_word' id='word_1_29' title='bbox 1286 498 1511 547; x_wconf 88' lang='lat' dir='ltr'>tribunus</span> <span class='ocrx_word' id='word_1_30' title='bbox 1524 537 1536 557; x_wconf 92' lang='lat'>,</span> 
     </span>
     <span class='ocr_line' id='line_1_5' title="bbox 107 574 1540 640; baseline 0.003 -19"><span class='ocrx_word' id='word_1_31' title='bbox 107 575 280 622; x_wconf 87' lang='lat' dir='ltr'>timens</span> <span class='ocrx_word' id='word_1_32' title='bbox 304 593 364 623; x_wconf 87' lang='lat' dir='ltr'>nc</span> <span class='ocrx_word' id='word_1_33' title='bbox 388 575 559 621; x_wconf 87' lang='lat' dir='ltr'>Paulus</span> <span class='ocrx_word' id='word_1_34' title='bbox 578 574 637 621; x_wconf 87' lang='lat' dir='ltr'>ab</span> <span class='ocrx_word' id='word_1_35' title='bbox 667 575 780 640; x_wconf 91' lang='lat' dir='ltr'>ipsis</span> <span class='ocrx_word' id='word_1_36' title='bbox 803 574 1179 640; x_wconf 83' lang='lat' dir='ltr'>discerperetur,</span> <span class='ocrx_word' id='word_1_37' title='bbox 1201 578 1381 625; x_wconf 89' lang='lat' dir='ltr'>auxilio</span> <span class='ocrx_word' id='word_1_38' title='bbox 1409 579 1540 626; x_wconf 92' lang='lat' dir='ltr'>mili-</span> 
     </span>
     <span class='ocr_line' id='line_1_6' title="bbox 106 654 1502 722; baseline 0.003 -22"><span class='ocrx_word' id='word_1_39' title='bbox 106 666 211 702; x_wconf 90' lang='lat' dir='ltr'>tum</span> <span class='ocrx_word' id='word_1_40' title='bbox 234 654 292 702; x_wconf 93' lang='lat' dir='ltr'>de</span> <span class='ocrx_word' id='word_1_41' title='bbox 315 654 475 702; x_wconf 92' lang='lat' dir='ltr'>medio</span> <span class='ocrx_word' id='word_1_42' title='bbox 494 671 664 701; x_wconf 87' lang='lat' dir='ltr'>eorum</span> <span class='ocrx_word' id='word_1_43' title='bbox 687 655 850 719; x_wconf 88' lang='lat' dir='ltr'>rapuit</span> <span class='ocrx_word' id='word_1_44' title='bbox 867 664 916 702; x_wconf 91' lang='lat' dir='ltr'>et</span> <span class='ocrx_word' id='word_1_45' title='bbox 942 655 991 702; x_wconf 91' lang='lat' dir='ltr'>in</span> <span class='ocrx_word' id='word_1_46' title='bbox 1017 665 1165 702; x_wconf 91' lang='lat' dir='ltr'>castra</span> <span class='ocrx_word' id='word_1_47' title='bbox 1196 656 1386 703; x_wconf 85' lang='lat' dir='ltr'>induxit</span> <span class='ocrx_word' id='word_1_48' title='bbox 1407 657 1502 722; x_wconf 86' lang='lat'>(1).</span> 
     </span>
     <span class='ocr_line' id='line_1_7' title="bbox 171 734 1541 800; baseline 0.003 -20"><span class='ocrx_word' id='word_1_49' title='bbox 171 734 399 800; x_wconf 87' lang='lat' dir='ltr'>Sequenti</span> <span class='ocrx_word' id='word_1_50' title='bbox 420 744 563 781; x_wconf 90' lang='lat' dir='ltr'>nocte</span> <span class='ocrx_word' id='word_1_51' title='bbox 581 734 799 781; x_wconf 83' lang='lat' dir='ltr'>assistens</span> <span class='ocrx_word' id='word_1_52' title='bbox 815 734 856 781; x_wconf 84' lang='lat' dir='ltr'>ei</span> <span class='ocrx_word' id='word_1_53' title='bbox 877 734 1144 792; x_wconf 91' lang='lat' dir='ltr'>Dominus,</span> <span class='ocrx_word' id='word_1_54' title='bbox 1166 735 1233 780; x_wconf 88' lang='lat' dir='ltr'>ait</span> <span class='ocrx_word' id='word_1_55' title='bbox 1257 755 1266 780; x_wconf 95' lang='lat'><strong>:</strong></span> <span class='ocrx_word' id='word_1_56' title='bbox 1300 735 1541 784; x_wconf 77' lang='lat' dir='ltr'>Constans</span> 
     </span>
     <span class='ocr_line' id='line_1_8' title="bbox 104 811 1536 877; baseline 0.001 -18"><span class='ocrx_word' id='word_1_57' title='bbox 104 824 233 869; x_wconf 80' lang='lat' dir='ltr'>esto;</span> <span class='ocrx_word' id='word_1_58' title='bbox 267 813 393 858; x_wconf 79' lang='lat' dir='ltr'>sicut</span> <span class='ocrx_word' id='word_1_59' title='bbox 421 813 549 859; x_wconf 85' lang='lat' dir='ltr'>enim</span> <span class='ocrx_word' id='word_1_60' title='bbox 579 811 860 877; x_wconf 77' lang='lat' dir='ltr'>testificatus</span> <span class='ocrx_word' id='word_1_61' title='bbox 888 830 937 860; x_wconf 85' lang='lat' dir='ltr'>es</span> <span class='ocrx_word' id='word_1_62' title='bbox 964 812 1026 859; x_wconf 86' lang='lat' dir='ltr'>de</span> <span class='ocrx_word' id='word_1_63' title='bbox 1051 830 1127 859; x_wconf 80' lang='lat' dir='ltr'>me</span> <span class='ocrx_word' id='word_1_64' title='bbox 1156 814 1206 859; x_wconf 85' lang='lat' dir='ltr'>in</span> <span class='ocrx_word' id='word_1_65' title='bbox 1233 813 1536 873; x_wconf 77' lang='lat' dir='ltr'>Jerusalem,</span> 
     </span>
     <span class='ocr_line' id='line_1_9' title="bbox 103 889 1541 956; baseline 0.001 -20"><span class='ocrx_word' id='word_1_66' title='bbox 103 892 177 938; x_wconf 75' lang='lat' dir='ltr'>sie</span> <span class='ocrx_word' id='word_1_67' title='bbox 200 901 242 936; x_wconf 78' lang='lat' dir='ltr'>te</span> <span class='ocrx_word' id='word_1_68' title='bbox 265 901 451 956; x_wconf 77' lang='lat' dir='ltr'>oportet</span> <span class='ocrx_word' id='word_1_69' title='bbox 473 891 648 938; x_wconf 69' lang='lat' dir='ltr'>Romae</span> <span class='ocrx_word' id='word_1_70' title='bbox 672 889 937 955; x_wconf 80' lang='lat' dir='ltr'>testificari.</span> <span class='ocrx_word' id='word_1_71' title='bbox 964 890 1106 937; x_wconf 89' lang='lat' dir='ltr'>Facta</span> <span class='ocrx_word' id='word_1_72' title='bbox 1129 890 1206 938; x_wconf 91' lang='lat' dir='ltr'>die</span> <span class='ocrx_word' id='word_1_73' title='bbox 1223 926 1237 948; x_wconf 93' lang='lat'>,</span> <span class='ocrx_word' id='word_1_74' title='bbox 1260 891 1287 937; x_wconf 91' lang='lat' dir='ltr'>J</span> <span class='ocrx_word' id='word_1_75' title='bbox 1292 891 1541 938; x_wconf 85' lang='lat' dir='ltr'>udaeorum</span> 
     </span>
     <span class='ocr_line' id='line_1_10' title="bbox 102 967 1542 1034; baseline 0.001 -20"><span class='ocrx_word' id='word_1_76' title='bbox 102 967 209 1031; x_wconf 92' lang='lat' dir='ltr'>plus</span> <span class='ocrx_word' id='word_1_77' title='bbox 243 985 390 1033; x_wconf 89' lang='lat' dir='ltr'>quam</span> <span class='ocrx_word' id='word_1_78' title='bbox 425 967 739 1034; x_wconf 80' lang='lat' dir='ltr'>quadraginta</span> <span class='ocrx_word' id='word_1_79' title='bbox 775 967 833 1014; x_wconf 88' lang='lat' dir='ltr'>ad</span> <span class='ocrx_word' id='word_1_80' title='bbox 870 969 1115 1033; x_wconf 89' lang='lat' dir='ltr'>principes</span> <span class='ocrx_word' id='word_1_81' title='bbox 1151 967 1456 1016; x_wconf 82' lang='lat' dir='ltr'>sacerdotum</span> <span class='ocrx_word' id='word_1_82' title='bbox 1494 979 1542 1017; x_wconf 88' lang='lat' dir='ltr'>ct</span> 
     </span>
     <span class='ocr_line' id='line_1_11' title="bbox 102 1046 1541 1113; baseline 0.003 -21"><span class='ocrx_word' id='word_1_83' title='bbox 102 1046 312 1095; x_wconf 89' lang='lat' dir='ltr'>seniores</span> <span class='ocrx_word' id='word_1_84' title='bbox 339 1057 668 1105; x_wconf 88' lang='lat' dir='ltr'>accesserunt,</span> <span class='ocrx_word' id='word_1_85' title='bbox 697 1057 745 1095; x_wconf 88' lang='lat' dir='ltr'>et</span> <span class='ocrx_word' id='word_1_86' title='bbox 768 1057 885 1095; x_wconf 87' lang='lat' dir='ltr'>voto</span> <span class='ocrx_word' id='word_1_87' title='bbox 911 1065 959 1095; x_wconf 90' lang='lat' dir='ltr'>se</span> <span class='ocrx_word' id='word_1_88' title='bbox 984 1048 1384 1095; x_wconf 85' lang='lat' dir='ltr'>constrinxerunt</span> <span class='ocrx_word' id='word_1_89' title='bbox 1409 1048 1541 1113; x_wconf 87' lang='lat' dir='ltr'>quod</span> 
     </span>
     <span class='ocr_line' id='line_1_12' title="bbox 102 1123 1540 1190; baseline 0 -18"><span class='ocrx_word' id='word_1_90' title='bbox 102 1143 204 1174; x_wconf 91' lang='lat' dir='ltr'>non</span> <span class='ocrx_word' id='word_1_91' title='bbox 216 1125 564 1173; x_wconf 83' lang='lat' dir='ltr'>manducarent</span> <span class='ocrx_word' id='word_1_92' title='bbox 582 1142 740 1190; x_wconf 86' lang='lat' dir='ltr'>neque</span> <span class='ocrx_word' id='word_1_93' title='bbox 752 1123 996 1183; x_wconf 84' lang='lat' dir='ltr'>biberent,</span> <span class='ocrx_word' id='word_1_94' title='bbox 1014 1125 1168 1173; x_wconf 89' lang='lat' dir='ltr'>donec</span> <span class='ocrx_word' id='word_1_95' title='bbox 1185 1125 1405 1183; x_wconf 90' lang='lat' dir='ltr'>Paulum,</span> <span class='ocrx_word' id='word_1_96' title='bbox 1423 1124 1540 1172; x_wconf 90' lang='lat' dir='ltr'>dum</span> 
     </span>
     <span class='ocr_line' id='line_1_13' title="bbox 102 1201 1541 1260; baseline -0.001 -9"><span class='ocrx_word' id='word_1_97' title='bbox 102 1204 160 1251; x_wconf 92' lang='lat' dir='ltr'>ad</span> <span class='ocrx_word' id='word_1_98' title='bbox 201 1203 463 1250; x_wconf 90' lang='lat' dir='ltr'>concilium</span> <span class='ocrx_word' id='word_1_99' title='bbox 499 1201 843 1260; x_wconf 87' lang='lat' dir='ltr'>adduceretur,</span> <span class='ocrx_word' id='word_1_100' title='bbox 883 1203 1176 1251; x_wconf 90' lang='lat' dir='ltr'>occiderent.</span> <span class='ocrx_word' id='word_1_101' title='bbox 1212 1205 1316 1252; x_wconf 92' lang='lat' dir='ltr'>Hoc</span> <span class='ocrx_word' id='word_1_102' title='bbox 1357 1214 1412 1250; x_wconf 92' lang='lat' dir='ltr'>ut</span> <span class='ocrx_word' id='word_1_103' title='bbox 1446 1204 1541 1250; x_wconf 84' lang='lat' dir='ltr'>tri-</span> 
     </span>
     <span class='ocr_line' id='line_1_14' title="bbox 104 1281 1540 1348; baseline 0 -19"><span class='ocrx_word' id='word_1_104' title='bbox 104 1282 261 1329; x_wconf 85' lang='lat' dir='ltr'>bunus</span> <span class='ocrx_word' id='word_1_105' title='bbox 285 1299 371 1347; x_wconf 90' lang='lat' dir='ltr'>per</span> <span class='ocrx_word' id='word_1_106' title='bbox 396 1281 552 1329; x_wconf 88' lang='lat' dir='ltr'>filium</span> <span class='ocrx_word' id='word_1_107' title='bbox 576 1282 755 1330; x_wconf 90' lang='lat' dir='ltr'>sororis</span> <span class='ocrx_word' id='word_1_108' title='bbox 779 1282 910 1328; x_wconf 90' lang='lat' dir='ltr'>Pauli</span> <span class='ocrx_word' id='word_1_109' title='bbox 936 1283 1191 1348; x_wconf 81' lang='lat' dir='ltr'>cognovit,</span> <span class='ocrx_word' id='word_1_110' title='bbox 1229 1281 1419 1329; x_wconf 84' lang='lat' dir='ltr'>insidias</span> <span class='ocrx_word' id='word_1_111' title='bbox 1443 1283 1540 1329; x_wconf 89' lang='lat' dir='ltr'>im—</span> 
     </span>
     <span class='ocr_line' id='line_1_15' title="bbox 100 1358 1540 1424; baseline 0 -18"><span class='ocrx_word' id='word_1_112' title='bbox 100 1360 296 1424; x_wconf 84' lang='lat' dir='ltr'>piorum</span> <span class='ocrx_word' id='word_1_113' title='bbox 322 1359 489 1408; x_wconf 89' lang='lat' dir='ltr'>callide</span> <span class='ocrx_word' id='word_1_114' title='bbox 511 1358 700 1407; x_wconf 89' lang='lat' dir='ltr'>delusit.</span> <span class='ocrx_word' id='word_1_115' title='bbox 728 1359 851 1406; x_wconf 87' lang='lat' dir='ltr'>Nam</span> <span class='ocrx_word' id='word_1_116' title='bbox 877 1360 1015 1407; x_wconf 88' lang='lat' dir='ltr'>tertia</span> <span class='ocrx_word' id='word_1_117' title='bbox 1051 1360 1209 1408; x_wconf 88' lang='lat' dir='ltr'>noctis</span> <span class='ocrx_word' id='word_1_118' title='bbox 1241 1358 1359 1408; x_wconf 86' lang='lat' dir='ltr'>hora</span> <span class='ocrx_word' id='word_1_119' title='bbox 1398 1360 1540 1407; x_wconf 77' lang='lat' dir='ltr'>vinc-</span> 
     </span>
     <span class='ocr_line' id='line_1_16' title="bbox 102 1437 1537 1504; baseline 0 -19"><span class='ocrx_word' id='word_1_120' title='bbox 102 1450 208 1485; x_wconf 92' lang='lat' dir='ltr'>tum</span> <span class='ocrx_word' id='word_1_121' title='bbox 246 1456 357 1485; x_wconf 87' lang='lat' dir='ltr'>cum</span> <span class='ocrx_word' id='word_1_122' title='bbox 393 1455 450 1484; x_wconf 88' lang='lat' dir='ltr'>cc</span> <span class='ocrx_word' id='word_1_123' title='bbox 482 1437 719 1484; x_wconf 90' lang='lat' dir='ltr'>militibus</span> <span class='ocrx_word' id='word_1_124' title='bbox 754 1449 802 1485; x_wconf 91' lang='lat' dir='ltr'>et</span> <span class='ocrx_word' id='word_1_125' title='bbox 837 1455 936 1485; x_wconf 83' lang='lat' dir='ltr'>Lxx</span> <span class='ocrx_word' id='word_1_126' title='bbox 971 1438 1216 1504; x_wconf 88' lang='lat' dir='ltr'>equitibus</span> <span class='ocrx_word' id='word_1_127' title='bbox 1249 1456 1302 1485; x_wconf 88' lang='lat' dir='ltr'>ac</span> <span class='ocrx_word' id='word_1_128' title='bbox 1337 1456 1392 1485; x_wconf 90' lang='lat' dir='ltr'>cc</span> <span class='ocrx_word' id='word_1_129' title='bbox 1426 1439 1537 1486; x_wconf 89' lang='lat' dir='ltr'>lan—</span> 
     </span>
     <span class='ocr_line' id='line_1_17' title="bbox 101 1517 1537 1584; baseline 0.001 -20"><span class='ocrx_word' id='word_1_130' title='bbox 101 1517 266 1565; x_wconf 84' lang='lat' dir='ltr'>ceariis</span> <span class='ocrx_word' id='word_1_131' title='bbox 289 1521 553 1565; x_wconf 85' lang='lat' dir='ltr'>Caesaream</span> <span class='ocrx_word' id='word_1_132' title='bbox 577 1518 708 1564; x_wconf 89' lang='lat' dir='ltr'>misit</span> <span class='ocrx_word' id='word_1_133' title='bbox 726 1554 739 1575; x_wconf 93' lang='lat'>,</span> <span class='ocrx_word' id='word_1_134' title='bbox 767 1528 816 1565; x_wconf 91' lang='lat' dir='ltr'>et</span> <span class='ocrx_word' id='word_1_135' title='bbox 841 1535 1029 1565; x_wconf 90' lang='lat' dir='ltr'>causam</span> <span class='ocrx_word' id='word_1_136' title='bbox 1051 1521 1149 1583; x_wconf 86' lang='lat' dir='ltr'>ejus</span> <span class='ocrx_word' id='word_1_137' title='bbox 1175 1518 1320 1566; x_wconf 89' lang='lat' dir='ltr'>Felici</span> <span class='ocrx_word' id='word_1_138' title='bbox 1345 1518 1537 1584; x_wconf 70' lang='lat' dir='ltr'>praesidi</span> 
     </span>
     <span class='ocr_line' id='line_1_18' title="bbox 102 1597 1541 1664; baseline 0.001 -21"><span class='ocrx_word' id='word_1_139' title='bbox 102 1597 274 1645; x_wconf 87' lang='lat' dir='ltr'>litteris</span> <span class='ocrx_word' id='word_1_140' title='bbox 300 1597 577 1644; x_wconf 86' lang='lat' dir='ltr'>insinuavit.</span> <span class='ocrx_word' id='word_1_141' title='bbox 605 1597 724 1644; x_wconf 88' lang='lat' dir='ltr'>Illuc</span> <span class='ocrx_word' id='word_1_142' title='bbox 760 1597 920 1664; x_wconf 88' lang='lat' dir='ltr'>itaque</span> <span class='ocrx_word' id='word_1_143' title='bbox 944 1597 1227 1663; x_wconf 92' lang='lat' dir='ltr'>perductus,</span> <span class='ocrx_word' id='word_1_144' title='bbox 1267 1598 1318 1645; x_wconf 92' lang='lat' dir='ltr'>in</span> <span class='ocrx_word' id='word_1_145' title='bbox 1353 1608 1541 1663; x_wconf 87' lang='lat' dir='ltr'>praeto—</span> 
     </span>
     <span class='ocr_line' id='line_1_19' title="bbox 101 1674 1540 1742; baseline 0 -20"><span class='ocrx_word' id='word_1_146' title='bbox 101 1676 175 1723; x_wconf 86' lang='lat' dir='ltr'>rio</span> <span class='ocrx_word' id='word_1_147' title='bbox 208 1674 411 1722; x_wconf 89' lang='lat' dir='ltr'>Herodis</span> <span class='ocrx_word' id='word_1_148' title='bbox 441 1674 706 1723; x_wconf 90' lang='lat' dir='ltr'>custoditus</span> <span class='ocrx_word' id='word_1_149' title='bbox 732 1687 831 1734; x_wconf 84' lang='lat' dir='ltr'>est,</span> <span class='ocrx_word' id='word_1_150' title='bbox 868 1686 917 1723; x_wconf 89' lang='lat' dir='ltr'>et</span> <span class='ocrx_word' id='word_1_151' title='bbox 953 1686 1063 1741; x_wconf 91' lang='lat' dir='ltr'>post</span> <span class='ocrx_word' id='word_1_152' title='bbox 1090 1676 1309 1742; x_wconf 85' lang='lat' dir='ltr'>quinque</span> <span class='ocrx_word' id='word_1_153' title='bbox 1346 1674 1445 1724; x_wconf 90' lang='lat' dir='ltr'>dies</span> <span class='ocrx_word' id='word_1_154' title='bbox 1480 1676 1540 1722; x_wconf 88' lang='lat' dir='ltr'>ad</span> 
     </span>
     <span class='ocr_line' id='line_1_20' title="bbox 101 1753 1540 1819; baseline 0.001 -19"><span class='ocrx_word' id='word_1_155' title='bbox 101 1754 387 1803; x_wconf 87' lang='lat' dir='ltr'>concionem</span> <span class='ocrx_word' id='word_1_156' title='bbox 410 1753 674 1819; x_wconf 86' lang='lat' dir='ltr'>productus</span> <span class='ocrx_word' id='word_1_157' title='bbox 696 1765 785 1802; x_wconf 88' lang='lat' dir='ltr'>est.</span> <span class='ocrx_word' id='word_1_158' title='bbox 821 1753 1028 1801; x_wconf 84' lang='lat' dir='ltr'>Ananias</span> <span class='ocrx_word' id='word_1_159' title='bbox 1052 1753 1270 1802; x_wconf 90' lang='lat' dir='ltr'>sacerdos</span> <span class='ocrx_word' id='word_1_160' title='bbox 1309 1772 1421 1801; x_wconf 90' lang='lat' dir='ltr'>cum</span> <span class='ocrx_word' id='word_1_161' title='bbox 1463 1770 1540 1801; x_wconf 87' lang='lat' dir='ltr'>sc·-</span> 
     </span>
     <span class='ocr_line' id='line_1_21' title="bbox 101 1831 1541 1890; baseline -0.001 -11"><span class='ocrx_word' id='word_1_162' title='bbox 101 1832 320 1881; x_wconf 89' lang='lat' dir='ltr'>nioribus</span> <span class='ocrx_word' id='word_1_163' title='bbox 341 1832 620 1881; x_wconf 79' lang='lat' dir='ltr'>Judaeorum</span> <span class='ocrx_word' id='word_1_164' title='bbox 647 1831 824 1890; x_wconf 86' lang='lat' dir='ltr'>adfuit,</span> <span class='ocrx_word' id='word_1_165' title='bbox 854 1841 902 1879; x_wconf 90' lang='lat' dir='ltr'>et</span> <span class='ocrx_word' id='word_1_166' title='bbox 927 1831 1174 1879; x_wconf 89' lang='lat' dir='ltr'>Tertullus</span> <span class='ocrx_word' id='word_1_167' title='bbox 1200 1843 1369 1880; x_wconf 85' lang='lat' dir='ltr'>orator</span> <span class='ocrx_word' id='word_1_168' title='bbox 1398 1849 1541 1878; x_wconf 89' lang='lat' dir='ltr'>accu-</span> 
     </span>
     <span class='ocr_line' id='line_1_22' title="bbox 102 1909 1534 1974; baseline -0.001 -17"><span class='ocrx_word' id='word_1_169' title='bbox 102 1913 336 1959; x_wconf 84' lang='lat' dir='ltr'>sationem</span> <span class='ocrx_word' id='word_1_170' title='bbox 373 1912 423 1958; x_wconf 91' lang='lat' dir='ltr'>in</span> <span class='ocrx_word' id='word_1_171' title='bbox 465 1911 670 1957; x_wconf 90' lang='lat' dir='ltr'>Paulum</span> <span class='ocrx_word' id='word_1_172' title='bbox 709 1909 933 1957; x_wconf 89' lang='lat' dir='ltr'>insidiose</span> <span class='ocrx_word' id='word_1_173' title='bbox 975 1909 1294 1974; x_wconf 86' lang='lat' dir='ltr'>deprompsit.</span> <span class='ocrx_word' id='word_1_174' title='bbox 1333 1910 1534 1967; x_wconf 86' lang='lat' dir='ltr'>Paulus,</span> 
     </span>
     <span class='ocr_line' id='line_1_23' title="bbox 100 1988 1539 2054; baseline -0.001 -17"><span class='ocrx_word' id='word_1_175' title='bbox 100 2000 345 2038; x_wconf 86' lang='lat' dir='ltr'>annuente</span> <span class='ocrx_word' id='word_1_176' title='bbox 383 1989 609 2054; x_wconf 80' lang='lat' dir='ltr'>praeside,</span> <span class='ocrx_word' id='word_1_177' title='bbox 651 1988 864 2036; x_wconf 85' lang='lat' dir='ltr'>breviter</span> <span class='ocrx_word' id='word_1_178' title='bbox 904 1988 1181 2053; x_wconf 84' lang='lat' dir='ltr'>respondit,</span> <span class='ocrx_word' id='word_1_179' title='bbox 1214 1989 1539 2054; x_wconf 83' lang='lat' dir='ltr'>prudentique</span> 
     </span>
     <span class='ocr_line' id='line_1_24' title="bbox 102 2055 1536 2135; baseline -0.001 -19"><span class='ocrx_word' id='word_1_180' title='bbox 102 2087 333 2135; x_wconf 87' lang='lat' dir='ltr'>responso</span> <span class='ocrx_word' id='word_1_181' title='bbox 373 2069 597 2134; x_wconf 87' lang='lat' dir='ltr'>protinus</span> <span class='ocrx_word' id='word_1_182' title='bbox 628 2068 814 2132; x_wconf 86' lang='lat' dir='ltr'>objecta</span> <span class='ocrx_word' id='word_1_183' title='bbox 848 2067 1136 2116; x_wconf 77' lang='lat' dir='ltr'>confutavit.</span> <span class='ocrx_word' id='word_1_184' title='bbox 1171 2068 1304 2116; x_wconf 85' lang='lat' dir='ltr'>Felix</span> <span class='ocrx_word' id='word_1_185' title='bbox 1328 2055 1502 2132; x_wconf 81' lang='lat' dir='ltr'>praeses</span> <span class='ocrx_word' id='word_1_186' title='bbox 1523 2103 1536 2125; x_wconf 90' lang='lat'><em>‚</em></span> 
     </span>
     <span class='ocr_line' id='line_1_25' title="bbox 103 2146 1540 2205; baseline 0 -11"><span class='ocrx_word' id='word_1_187' title='bbox 103 2148 256 2197; x_wconf 88' lang='lat' dir='ltr'>donec</span> <span class='ocrx_word' id='word_1_188' title='bbox 293 2146 518 2194; x_wconf 81' lang='lat' dir='ltr'>tribunus</span> <span class='ocrx_word' id='word_1_189' title='bbox 548 2147 881 2204; x_wconf 88' lang='lat' dir='ltr'>descenderet,</span> <span class='ocrx_word' id='word_1_190' title='bbox 919 2148 1024 2195; x_wconf 91' lang='lat' dir='ltr'>illos</span> <span class='ocrx_word' id='word_1_191' title='bbox 1049 2146 1266 2205; x_wconf 89' lang='lat' dir='ltr'>distulit,</span> <span class='ocrx_word' id='word_1_192' title='bbox 1294 2158 1342 2195; x_wconf 90' lang='lat' dir='ltr'>et</span> <span class='ocrx_word' id='word_1_193' title='bbox 1365 2158 1540 2195; x_wconf 87' lang='lat' dir='ltr'>centu-</span> 
     </span>
     <span class='ocr_line' id='line_1_26' title="bbox 106 2225 1540 2293; baseline 0.001 -21"><span class='ocrx_word' id='word_1_194' title='bbox 106 2227 232 2274; x_wconf 89' lang='lat' dir='ltr'>rioni</span> <span class='ocrx_word' id='word_1_195' title='bbox 251 2225 373 2274; x_wconf 87' lang='lat' dir='ltr'>bene</span> <span class='ocrx_word' id='word_1_196' title='bbox 397 2226 571 2275; x_wconf 89' lang='lat' dir='ltr'>habere</span> <span class='ocrx_word' id='word_1_197' title='bbox 589 2226 791 2274; x_wconf 90' lang='lat' dir='ltr'>Paulum</span> <span class='ocrx_word' id='word_1_198' title='bbox 810 2227 1060 2292; x_wconf 81' lang='lat' dir='ltr'>praecepit.</span> <span class='ocrx_word' id='word_1_199' title='bbox 1089 2228 1202 2275; x_wconf 90' lang='lat' dir='ltr'>Post</span> <span class='ocrx_word' id='word_1_200' title='bbox 1229 2228 1417 2293; x_wconf 87' lang='lat' dir='ltr'>aliquot</span> <span class='ocrx_word' id='word_1_201' title='bbox 1441 2226 1540 2274; x_wconf 87' lang='lat' dir='ltr'>dies</span> 
     </span>
     <span class='ocr_line' id='line_1_27' title="bbox 106 2305 1540 2371; baseline 0.001 -21"><span class='ocrx_word' id='word_1_202' title='bbox 106 2305 236 2353; x_wconf 83' lang='lat' dir='ltr'>Felix</span> <span class='ocrx_word' id='word_1_203' title='bbox 264 2323 374 2352; x_wconf 88' lang='lat' dir='ltr'>cum</span> <span class='ocrx_word' id='word_1_204' title='bbox 404 2305 611 2352; x_wconf 88' lang='lat' dir='ltr'>Drusilla</span> <span class='ocrx_word' id='word_1_205' title='bbox 637 2323 788 2355; x_wconf 84' lang='lat' dir='ltr'>uxore</span> <span class='ocrx_word' id='word_1_206' title='bbox 825 2324 930 2364; x_wconf 91' lang='lat' dir='ltr'>sua,</span> <span class='ocrx_word' id='word_1_207' title='bbox 965 2324 1075 2371; x_wconf 83' lang='lat' dir='ltr'>quae</span> <span class='ocrx_word' id='word_1_208' title='bbox 1109 2317 1210 2354; x_wconf 84' lang='lat' dir='ltr'>erat</span> <span class='ocrx_word' id='word_1_209' title='bbox 1239 2306 1428 2362; x_wconf 87' lang='lat' dir='ltr'>Judaea,</span> <span class='ocrx_word' id='word_1_210' title='bbox 1460 2323 1540 2352; x_wconf 83' lang='lat' dir='ltr'>ve-</span> 
     </span>
     <span class='ocr_line' id='line_1_28' title="bbox 108 2383 1540 2450; baseline -0.001 -21"><span class='ocrx_word' id='word_1_211' title='bbox 108 2383 242 2430; x_wconf 88' lang='lat' dir='ltr'>niens</span> <span class='ocrx_word' id='word_1_212' title='bbox 263 2420 275 2439; x_wconf 89' lang='lat'>,</span> <span class='ocrx_word' id='word_1_213' title='bbox 322 2383 522 2430; x_wconf 89' lang='lat' dir='ltr'>Paulum</span> <span class='ocrx_word' id='word_1_214' title='bbox 556 2385 745 2431; x_wconf 89' lang='lat' dir='ltr'>vocavit</span> <span class='ocrx_word' id='word_1_215' title='bbox 768 2421 779 2441; x_wconf 93' lang='lat'>‚</span> <span class='ocrx_word' id='word_1_216' title='bbox 821 2395 869 2431; x_wconf 90' lang='lat' dir='ltr'>et</span> <span class='ocrx_word' id='word_1_217' title='bbox 909 2383 1053 2432; x_wconf 86' lang='lat' dir='ltr'>fidem</span> <span class='ocrx_word' id='word_1_218' title='bbox 1073 2421 1086 2442; x_wconf 90' lang='lat'>,</span> <span class='ocrx_word' id='word_1_219' title='bbox 1129 2402 1237 2450; x_wconf 79' lang='lat' dir='ltr'>quae</span> <span class='ocrx_word' id='word_1_220' title='bbox 1282 2386 1331 2431; x_wconf 89' lang='lat' dir='ltr'>in</span> <span class='ocrx_word' id='word_1_221' title='bbox 1378 2386 1540 2432; x_wconf 88' lang='lat' dir='ltr'>Jesum</span> 
     </span>
     <span class='ocr_line' id='line_1_29' title="bbox 107 2461 1541 2528; baseline -0.001 -20"><span class='ocrx_word' id='word_1_222' title='bbox 107 2461 351 2509; x_wconf 84' lang='lat' dir='ltr'>Christum</span> <span class='ocrx_word' id='word_1_223' title='bbox 377 2474 470 2520; x_wconf 87' lang='lat' dir='ltr'>est,</span> <span class='ocrx_word' id='word_1_224' title='bbox 500 2463 560 2510; x_wconf 81' lang='lat' dir='ltr'>al)</span> <span class='ocrx_word' id='word_1_225' title='bbox 592 2480 649 2510; x_wconf 87' lang='lat' dir='ltr'>eo</span> <span class='ocrx_word' id='word_1_226' title='bbox 675 2463 872 2510; x_wconf 79' lang='lat' dir='ltr'>audivit.</span> <span class='ocrx_word' id='word_1_227' title='bbox 901 2464 1186 2528; x_wconf 86' lang='lat' dir='ltr'>Disputantc</span> <span class='ocrx_word' id='word_1_228' title='bbox 1211 2463 1295 2511; x_wconf 92' lang='lat' dir='ltr'>illo</span> <span class='ocrx_word' id='word_1_229' title='bbox 1319 2463 1376 2511; x_wconf 84' lang='lat' dir='ltr'>(le</span> <span class='ocrx_word' id='word_1_230' title='bbox 1395 2463 1541 2527; x_wconf 87' lang='lat' dir='ltr'>justi-</span> 
     </span>
     <span class='ocr_line' id='line_1_30' title="bbox 111 2539 1539 2606; baseline 0.001 -22"><span class='ocrx_word' id='word_1_231' title='bbox 111 2539 169 2585; x_wconf 79' lang='lat' dir='ltr'>tia</span> <span class='ocrx_word' id='word_1_232' title='bbox 195 2551 241 2587; x_wconf 82' lang='lat' dir='ltr'>et</span> <span class='ocrx_word' id='word_1_233' title='bbox 265 2541 504 2599; x_wconf 75' lang='lat' dir='ltr'>castitate,</span> <span class='ocrx_word' id='word_1_234' title='bbox 527 2541 805 2606; x_wconf 80' lang='lat' dir='ltr'>judicioque</span> <span class='ocrx_word' id='word_1_235' title='bbox 830 2541 998 2589; x_wconf 84' lang='lat' dir='ltr'>futuro</span> <span class='ocrx_word' id='word_1_236' title='bbox 1016 2579 1028 2601; x_wconf 90' lang='lat'>‚</span> <span class='ocrx_word' id='word_1_237' title='bbox 1060 2542 1191 2589; x_wconf 84' lang='lat' dir='ltr'>Felix</span> <span class='ocrx_word' id='word_1_238' title='bbox 1217 2541 1539 2596; x_wconf 80' lang='lat' dir='ltr'>contremuit,</span> 
     </span>
    </p>
   </div>
   <div class='ocr_carea' id='block_1_3' title="bbox 140 2691 1542 2701">
    <p class='ocr_par' dir='ltr' id='par_1_3' title="bbox 140 2691 1542 2701">
     <span class='ocr_line' id='line_1_31' title="bbox 140 2691 1542 2701; baseline 0.001 -5"><span class='ocrx_word' id='word_1_239' title='bbox 140 2691 971 2701; x_wconf 27' lang='lat' dir='ltr'>-ae—--*7,„q-———⁴,-.--.—a-</span> <span class='ocrx_word' id='word_1_240' title='bbox 985 2695 1046 2699; x_wconf 24' lang='lat' dir='ltr'>0-,A</span> <span class='ocrx_word' id='word_1_241' title='bbox 1060 2695 1076 2699; x_wconf 47' lang='lat'>.-</span> <span class='ocrx_word' id='word_1_242' title='bbox 1094 2691 1542 2700; x_wconf 62' lang='lat'>—--..--—-——-—2</span> 
     </span>
    </p>
   </div>
   <div class='ocr_carea' id='block_1_4' title="bbox 161 2785 946 2833">
    <p class='ocr_par' dir='ltr' id='par_1_4' title="bbox 161 2785 946 2833">
     <span class='ocr_line' id='line_1_32' title="bbox 161 2785 946 2833; baseline 0.001 -11"><span class='ocrx_word' id='word_1_243' title='bbox 161 2788 205 2816; x_wconf 45' lang='grc' dir='ltr'>’1Ν</span> <span class='ocrx_word' id='word_1_244' title='bbox 238 2785 305 2820; x_wconf 55' lang='lat' dir='ltr'>Aa!</span> <span class='ocrx_word' id='word_1_245' title='bbox 339 2796 443 2832; x_wconf 54' lang='grc' dir='ltr'>Πρω]</span> <span class='ocrx_word' id='word_1_246' title='bbox 480 2801 561 2831; x_wconf 43' lang='grc' dir='ltr'>χχιι,</span> <span class='ocrx_word' id='word_1_247' title='bbox 589 2787 756 2825; x_wconf 53' lang='lat' dir='ltr'>’iti-xxiii,</span> <span class='ocrx_word' id='word_1_248' title='bbox 784 2802 820 2823; x_wconf 74' lang='lat' dir='ltr'><em>w</em></span> <span class='ocrx_word' id='word_1_249' title='bbox 858 2788 946 2833; x_wconf 47' lang='lat' dir='ltr'>“³ss)</span> 
     </span>
    </p>
   </div>
  </div>
 </body>
</html>
