1738 3043
572 256 726 295 LIBER
754 254 1035 293 SECUNDUS.
1443 256 1514 293 351

99 342 156 386 tis
192 337 385 385 fletibus
420 335 764 390 valefecerunt,
793 344 840 380 ct
872 333 1007 380 divisi
1041 348 1244 396 corpore
1271 349 1521 398 nunquam

99 418 147 464 in
176 415 260 462 hac
284 416 378 461 vita
405 413 712 479 postmodum
737 429 832 459 sese
855 411 1099 459 viderunt.

163 491 400 539 Barnabas
415 492 675 539 etJoannes
688 489 955 537 Laodiciam
969 487 1334 546 descenderunt,
1349 498 1397 535 et
1413 488 1521 536 inde

99 572 148 618 in
186 570 427 617 civitatem
463 586 572 634 quae
611 567 869 613 Anemoria
904 567 978 630 (1)
1019 577 1215 613 vocatur
1255 577 1520 625 venerunt3

99 649 261 715 ibique
280 647 339 694 ab
362 648 426 695 eis
446 645 642 712 quidam
663 643 839 691 ethnici
867 661 1046 709 sagaces
1067 654 1113 691 et
1131 643 1340 693 benivoli
1366 644 1522 691 audita

98 725 440 792 praedicatione
464 722 657 770 Christo
685 721 1018 779 crediderunt,
1049 731 1096 767 et
1119 720 1342 786 baptizati
1371 724 1525 770 virtu—

99 815 197 853 tem
239 804 443 868 Spiritus
486 802 646 848 Sancti
686 809 990 865 acceperunt.
1034 799 1216 847 Deinde
1254 801 1526 866 navigantes

98 882 316 948 Cyprum
333 890 657 945 pervenerunt
674 915 686 935 ,
711 878 873 943 ibique
892 879 1149 925 Timonem
1168 889 1215 925 et
1232 878 1526 926 Aristionem

98 961 302 1009 famulos
333 959 528 1006 Domini
566 959 873 1005 invenerunt.
903 957 1083 1004 Timon
1111 967 1270 1004 autem
1300 956 1529 1004 urebatur

99 1039 283 1104 magnis
307 1037 540 1085 febribus.
573 1036 659 1082 Cui
696 1053 805 1082 cum
835 1034 1072 1081 Barnabas
1098 1035 1396 1100 imposuisset
1424 1054 1529 1082 ma-

100 1134 190 1164 nus
213 1127 260 1163 et
285 1133 470 1162 sacrum
494 1113 833 1179 Evangelium,
853 1131 938 1177 per
957 1113 1312 1160 invocationem
1332 1113 1526 1161 Domini

99 1196 254 1243 nostri
280 1196 389 1242 Jesu
409 1194 570 1241 statim
589 1193 737 1240 febris
759 1192 917 1258 fugata
937 1202 1031 1250 est,
1055 1202 1102 1239 et
1125 1193 1200 1238 vir
1223 1191 1339 1239 adeo
1364 1209 1528 1240 corro-

101 1273 299 1324 horatus
326 1284 420 1330 est,
450 1284 504 1320 ut
528 1274 764 1321 continuo
792 1283 979 1320 sanctos
1003 1273 1087 1319 Dei
1113 1281 1392 1338 sequeretur
1416 1289 1527 1319 cum

101 1353 292 1420 gaudio.

168 1432 242 1478 Ex
262 1429 482 1479 doctrina
510 1429 838 1494 apostolorum
858 1427 1022 1476 beatus
1047 1427 1283 1476 Barnabas
1311 1429 1530 1494 Evange-

101 1509 221 1556 lium
255 1509 405 1556 sancti
441 1507 656 1555 Matthaei
689 1508 890 1573 apostoli
923 1525 1082 1554 secum
1106 1506 1315 1567 ferebat,
1347 1517 1393 1555 et
1417 1506 1531 1553 ubi-

103 1605 309 1653 cumque
340 1586 557 1634 infirmos
589 1586 887 1644 inveniebat,
915 1586 1032 1633 illud
1055 1604 1196 1652 super
1220 1587 1344 1652 ipsos
1373 1603 1530 1651 pone-

104 1665 188 1713 bat
225 1675 272 1713 et
306 1666 528 1730 protinus
562 1665 870 1723 sanabantur,
907 1684 931 1712 a
963 1683 1269 1731 quocumque
1302 1665 1531 1730 languore

106 1743 415 1792 tenebantur.
452 1744 726 1791 Heraclium
748 1761 864 1791 vero
882 1780 894 1800 ,
928 1761 1073 1808 quem
1089 1744 1265 1790 'Paulus
1289 1743 1530 1807 apostolus

105 1822 454 1888 baptizaverat,
491 1821 730 1868 Barnabas
759 1821 816 1868 ad
849 1821 1281 1868 commonitionem
1318 1820 1531 1868 fidelium

107 1899 385 1964 episcopum
408 1897 617 1946 ordinat.
641 1897 822 1945 Deinde
844 1898 960 1945 dum
983 1897 1198 1961 Paphum
1223 1897 1426 1944 introire
1444 1914 1532 1944 vo-

106 1978 300 2036 luisset,
327 1987 374 2024 et
399 1978 567 2041 Barjeu
592 1976 666 2039 (2)
693 1976 932 2023 maleficus
956 1976 1173 2032 Judaeus,
1200 1991 1344 2040 quem
1364 1976 1534 2021 Paulus

103 2054 387 2121 jamdudum
421 2053 478 2100 ad
513 2064 698 2117 tempus
731 2053 913 2100 lumine
944 2053 1234 2117 privaverat,
1261 2051 1533 2115 apostolum

111 2133 435 2199 cognovisset,
472 2130 651 2177 malitia
680 2140 949 2178 commotus
973 2128 1162 2177 obstitit
1187 2139 1424 2194 quantum
1450 2147 1534 2193 po-

111 2212 206 2259 tuit
246 2221 294 2259 et
331 2209 546 2274 Paphum
586 2209 767 2275 ingredi
816 2207 1084 2274 prohibuit.
1126 2206 1334 2255 Proinde
1366 2207 1534 2254 beatus

109 2291 185 2338 vir
203 2291 251 2337 in
272 2289 526 2355 quemdam
553 2289 713 2336 locum
732 2287 952 2346 divertit,
979 2288 1028 2334 in
1054 2305 1152 2353 quo
1169 2286 1386 2334 ethnicos
1405 2288 1534 2334 viros

111 2368 267 2416 nudos
295 2379 341 2414 et
365 2366 588 2414 mulieres
617 2366 826 2414 ludendo
859 2383 1051 2413 currere
1086 2365 1224 2411 vidit.
1257 2363 1537 2429 Indignatus

114 2463 228 2512 ergo
263 2444 524 2502 Barnabas,
557 2462 670 2492 mox
706 2445 939 2510 templum
975 2444 1243 2501 maledixit,
1281 2443 1538 2508 statimque

113 2541 223 2588 pars
253 2523 417 2588 templi
451 2521 669 2569 funditus
694 2523 902 2580 corruit,
930 2525 1063 2587 cujus
1092 2522 1232 2569 ruina
1267 2521 1445 2568 multos
1481 2537 1537 2567 ex

165 2715 216 2760 (ι)
240 2716 346 2751 Cette
362 2715 448 2751 ville
466 2723 520 2751 est
539 2717 709 2752 nomme-c
728 2716 972 2751 Anemurium
993 2727 1059 2762 par
1076 2714 1191 2750 Plinc.

166 2775 217 2820 (α)
243 2775 368 2811 Lisez:
396 2776 570 2822 Barjesu.
