<?xml version="1.0" encoding="UTF-8"?>
<!DOCTYPE html PUBLIC "-//W3C//DTD XHTML 1.0 Transitional//EN"
    "http://www.w3.org/TR/xhtml1/DTD/xhtml1-transitional.dtd">
<html xmlns="http://www.w3.org/1999/xhtml" xml:lang="en" lang="en">
 <head>
  <title>
</title>
<meta http-equiv="Content-Type" content="text/html;charset=utf-8" />
  <meta name='ocr-system' content='tesseract 3.04.00' />
  <meta name='ocr-capabilities' content='ocr_page ocr_carea ocr_par ocr_line ocrx_word'/>
</head>
<body>
  <div class='ocr_page' id='page_1' title='image "./ordericivitalish01ordeuoft/ordericivitalish01ordeuoft_0464.png"; bbox 0 0 1738 3043; ppageno 0'>
   <div class='ocr_carea' id='block_1_1' title="bbox 124 189 1165 230">
    <p class='ocr_par' dir='ltr' id='par_1_1' title="bbox 124 189 1165 230">
     <span class='ocr_line' id='line_1_1' title="bbox 124 189 1165 230; baseline 0.001 -2"><span class='ocrx_word' id='word_1_1' title='bbox 124 190 203 228; x_wconf 72' lang='lat'><strong>440</strong></span> <span class='ocrx_word' id='word_1_2' title='bbox 491 189 733 228; x_wconf 72' lang='lat' dir='ltr'>HISTORIA</span> <span class='ocrx_word' id='word_1_3' title='bbox 764 190 1165 230; x_wconf 75' lang='lat' dir='ltr'><strong>ECCLESIASTICA.</strong></span> 
     </span>
    </p>
   </div>
   <div class='ocr_carea' id='block_1_2' title="bbox 121 267 1557 1885">
    <p class='ocr_par' dir='ltr' id='par_1_2' title="bbox 121 267 1557 1885">
     <span class='ocr_line' id='line_1_2' title="bbox 123 267 1533 335; baseline 0.002 -20"><span class='ocrx_word' id='word_1_4' title='bbox 123 279 343 325; x_wconf 86' lang='lat' dir='ltr'><strong>naretur,</strong></span> <span class='ocrx_word' id='word_1_5' title='bbox 382 267 545 315; x_wconf 83' lang='lat' dir='ltr'><strong>beatus</strong></span> <span class='ocrx_word' id='word_1_6' title='bbox 578 286 694 333; x_wconf 85' lang='lat' dir='ltr'><strong>papa</strong></span> <span class='ocrx_word' id='word_1_7' title='bbox 725 286 959 334; x_wconf 80' lang='lat' dir='ltr'><strong>egressus,</strong></span> <span class='ocrx_word' id='word_1_8' title='bbox 993 270 1165 317; x_wconf 79' lang='lat' dir='ltr'><strong>milites</strong></span> <span class='ocrx_word' id='word_1_9' title='bbox 1196 280 1243 318; x_wconf 91' lang='lat' dir='ltr'><strong>et</strong></span> <span class='ocrx_word' id='word_1_10' title='bbox 1274 270 1533 335; x_wconf 90' lang='lat' dir='ltr'><strong>populum,</strong></span> 
     </span>
     <span class='ocr_line' id='line_1_3' title="bbox 121 345 1539 414; baseline 0.003 -22"><span class='ocrx_word' id='word_1_11' title='bbox 121 347 202 412; x_wconf 88' lang='lat' dir='ltr'><strong>qui</strong></span> <span class='ocrx_word' id='word_1_12' title='bbox 226 363 315 410; x_wconf 90' lang='lat' dir='ltr'><strong>pro</strong></span> <span class='ocrx_word' id='word_1_13' title='bbox 341 345 422 393; x_wconf 91' lang='lat' dir='ltr'><strong>illo</strong></span> <span class='ocrx_word' id='word_1_14' title='bbox 442 358 776 404; x_wconf 82' lang='lat' dir='ltr'>cucurrerant,</span> <span class='ocrx_word' id='word_1_15' title='bbox 801 346 1063 395; x_wconf 81' lang='lat' dir='ltr'><strong>honorilice</strong></span> <span class='ocrx_word' id='word_1_16' title='bbox 1080 349 1308 412; x_wconf 86' lang='lat' dir='ltr'><strong>suscepit,</strong></span> <span class='ocrx_word' id='word_1_17' title='bbox 1330 349 1539 414; x_wconf 86' lang='lat' dir='ltr'><strong>datoque</strong></span> 
     </span>
     <span class='ocr_line' id='line_1_4' title="bbox 124 423 1540 487; baseline 0.004 -19"><span class='ocrx_word' id='word_1_18' title='bbox 124 424 250 469; x_wconf 69' lang='lat' dir='ltr'><strong>suaxi</strong></span> <span class='ocrx_word' id='word_1_19' title='bbox 279 440 533 487; x_wconf 84' lang='lat' dir='ltr'><strong>responso,</strong></span> <span class='ocrx_word' id='word_1_20' title='bbox 559 440 725 470; x_wconf 86' lang='lat' dir='ltr'><strong>eorum</strong></span> <span class='ocrx_word' id='word_1_21' title='bbox 756 423 896 471; x_wconf 88' lang='lat' dir='ltr'><strong>corda</strong></span> <span class='ocrx_word' id='word_1_22' title='bbox 928 425 1102 471; x_wconf 76' lang='lat' dir='ltr'><strong>linivit.</strong></span> <span class='ocrx_word' id='word_1_23' title='bbox 1132 425 1204 471; x_wconf 90' lang='lat' dir='ltr'><strong>Illi</strong></span> <span class='ocrx_word' id='word_1_24' title='bbox 1229 435 1411 483; x_wconf 87' lang='lat' dir='ltr'><strong>autem,</strong></span> <span class='ocrx_word' id='word_1_25' title='bbox 1439 425 1540 474; x_wconf 88' lang='lat' dir='ltr'><strong>zelo</strong></span> 
     </span>
     <span class='ocr_line' id='line_1_5' title="bbox 123 499 1541 565; baseline 0.001 -20"><span class='ocrx_word' id='word_1_26' title='bbox 123 500 206 545; x_wconf 83' lang='lat' dir='ltr'><strong>Dei</strong></span> <span class='ocrx_word' id='word_1_27' title='bbox 232 509 277 546; x_wconf 83' lang='lat' dir='ltr'><strong>et</strong></span> <span class='ocrx_word' id='word_1_28' title='bbox 308 517 470 548; x_wconf 83' lang='lat' dir='ltr'><strong>amore</strong></span> <span class='ocrx_word' id='word_1_29' title='bbox 501 499 717 564; x_wconf 84' lang='lat' dir='ltr'><strong>praesulis</strong></span> <span class='ocrx_word' id='word_1_30' title='bbox 747 501 952 557; x_wconf 87' lang='lat' dir='ltr'><strong>accensi,</strong></span> <span class='ocrx_word' id='word_1_31' title='bbox 986 519 1008 547; x_wconf 81' lang='lat' dir='ltr'><strong>a</strong></span> <span class='ocrx_word' id='word_1_32' title='bbox 1034 500 1304 565; x_wconf 85' lang='lat' dir='ltr'><strong>patriarchii</strong></span> <span class='ocrx_word' id='word_1_33' title='bbox 1331 500 1541 548; x_wconf 88' lang='lat' dir='ltr'><strong>custodia</strong></span> 
     </span>
     <span class='ocr_line' id='line_1_6' title="bbox 123 577 1542 642; baseline 0.001 -20"><span class='ocrx_word' id='word_1_34' title='bbox 123 594 222 623; x_wconf 90' lang='lat' dir='ltr'><strong>non</strong></span> <span class='ocrx_word' id='word_1_35' title='bbox 250 588 570 634; x_wconf 81' lang='lat' dir='ltr'><strong>recesserunt,</strong></span> <span class='ocrx_word' id='word_1_36' title='bbox 597 593 846 642; x_wconf 85' lang='lat' dir='ltr'><strong>quousque</strong></span> <span class='ocrx_word' id='word_1_37' title='bbox 869 577 1230 625; x_wconf 90' lang='lat' dir='ltr'><strong>denominatum</strong></span> <span class='ocrx_word' id='word_1_38' title='bbox 1250 577 1542 642; x_wconf 86' lang='lat' dir='ltr'><strong>spatharium</strong></span> 
     </span>
     <span class='ocr_line' id='line_1_7' title="bbox 125 654 1543 722; baseline 0.003 -23"><span class='ocrx_word' id='word_1_39' title='bbox 125 673 231 700; x_wconf 87' lang='lat' dir='ltr'><strong>eum</strong></span> <span class='ocrx_word' id='word_1_40' title='bbox 260 656 443 719; x_wconf 87' lang='lat' dir='ltr'><strong>injuriis</strong></span> <span class='ocrx_word' id='word_1_41' title='bbox 472 654 530 701; x_wconf 89' lang='lat' dir='ltr'><strong>ab</strong></span> <span class='ocrx_word' id='word_1_42' title='bbox 562 654 679 702; x_wconf 86' lang='lat' dir='ltr'><strong>urbe.</strong></span> <span class='ocrx_word' id='word_1_43' title='bbox 701 655 1009 720; x_wconf 72' lang='lat' dir='ltr'><strong>depellerent.</strong></span> <span class='ocrx_word' id='word_1_44' title='bbox 1033 657 1184 703; x_wconf 87' lang='lat' dir='ltr'><strong>Porro</strong></span> <span class='ocrx_word' id='word_1_45' title='bbox 1209 657 1269 714; x_wconf 89' lang='lat' dir='ltr'><strong>is,</strong></span> <span class='ocrx_word' id='word_1_46' title='bbox 1300 657 1382 722; x_wconf 86' lang='lat' dir='ltr'><strong>qui</strong></span> <span class='ocrx_word' id='word_1_47' title='bbox 1407 656 1543 703; x_wconf 89' lang='lat' dir='ltr'><strong>illum</strong></span> 
     </span>
     <span class='ocr_line' id='line_1_8' title="bbox 124 732 1544 798; baseline 0.001 -20"><span class='ocrx_word' id='word_1_48' title='bbox 124 732 340 789; x_wconf 77' lang='lat' dir='ltr'><strong>miserat,</strong></span> <span class='ocrx_word' id='word_1_49' title='bbox 381 733 481 797; x_wconf 81' lang='lat' dir='ltr'><strong>ipso</strong></span> <span class='ocrx_word' id='word_1_50' title='bbox 516 733 563 779; x_wconf 92' lang='lat' dir='ltr'><strong>in</strong></span> <span class='ocrx_word' id='word_1_51' title='bbox 598 743 812 797; x_wconf 89' lang='lat' dir='ltr'><strong>tempore</strong></span> <span class='ocrx_word' id='word_1_52' title='bbox 843 734 1052 781; x_wconf 87' lang='lat' dir='ltr'><strong>Domino</strong></span> <span class='ocrx_word' id='word_1_53' title='bbox 1087 733 1405 791; x_wconf 82' lang='lat' dir='ltr'><strong>retribuente,</strong></span> <span class='ocrx_word' id='word_1_54' title='bbox 1436 736 1544 798; x_wconf 85' lang='lat' dir='ltr'><strong>jure</strong></span> 
     </span>
     <span class='ocr_line' id='line_1_9' title="bbox 124 811 1545 877; baseline 0.003 -21"><span class='ocrx_word' id='word_1_55' title='bbox 124 828 273 874; x_wconf 73' lang='lat' dir='ltr'><strong>regno</strong></span> <span class='ocrx_word' id='word_1_56' title='bbox 305 811 516 874; x_wconf 72' lang='lat' dir='ltr'><strong>privatus</strong></span> <span class='ocrx_word' id='word_1_57' title='bbox 546 821 614 857; x_wconf 89' lang='lat' dir='ltr'><strong>est</strong></span> <span class='ocrx_word' id='word_1_58' title='bbox 633 847 645 867; x_wconf 89' lang='lat'><strong>,</strong></span> <span class='ocrx_word' id='word_1_59' title='bbox 672 822 719 858; x_wconf 92' lang='lat' dir='ltr'><strong>et</strong></span> <span class='ocrx_word' id='word_1_60' title='bbox 742 812 950 858; x_wconf 86' lang='lat' dir='ltr'><strong>Ecclesia</strong></span> <span class='ocrx_word' id='word_1_61' title='bbox 977 813 1061 859; x_wconf 91' lang='lat' dir='ltr'><strong>Dei</strong></span> <span class='ocrx_word' id='word_1_62' title='bbox 1098 830 1207 858; x_wconf 88' lang='lat' dir='ltr'><strong>cum</strong></span> <span class='ocrx_word' id='word_1_63' title='bbox 1235 829 1320 859; x_wconf 90' lang='lat' dir='ltr'><strong>suo</strong></span> <span class='ocrx_word' id='word_1_64' title='bbox 1343 812 1545 877; x_wconf 82' lang='lat' dir='ltr'><strong>praesule</strong></span> 
     </span>
     <span class='ocr_line' id='line_1_10' title="bbox 126 887 1545 954; baseline 0.002 -21"><span class='ocrx_word' id='word_1_65' title='bbox 126 887 404 944; x_wconf 90' lang='lat' dir='ltr'><strong>incolumis,</strong></span> <span class='ocrx_word' id='word_1_66' title='bbox 442 887 632 935; x_wconf 82' lang='lat' dir='ltr'><strong>Christo</strong></span> <span class='ocrx_word' id='word_1_67' title='bbox 666 888 882 944; x_wconf 73' lang='lat' dir='ltr'><strong>favente,</strong></span> <span class='ocrx_word' id='word_1_68' title='bbox 924 899 1197 936; x_wconf 83' lang='lat' dir='ltr'><strong>conservata</strong></span> <span class='ocrx_word' id='word_1_69' title='bbox 1228 899 1314 936; x_wconf 91' lang='lat' dir='ltr'><strong>est.</strong></span> <span class='ocrx_word' id='word_1_70' title='bbox 1358 890 1545 954; x_wconf 80' lang='lat' dir='ltr'><strong>Sergius</strong></span> 
     </span>
     <span class='ocr_line' id='line_1_11' title="bbox 123 964 1547 1030; baseline 0.001 -21"><span class='ocrx_word' id='word_1_71' title='bbox 123 981 240 1028; x_wconf 82' lang='lat' dir='ltr'><strong>papa</strong></span> <span class='ocrx_word' id='word_1_72' title='bbox 264 965 309 1010; x_wconf 86' lang='lat' dir='ltr'><strong>in</strong></span> <span class='ocrx_word' id='word_1_73' title='bbox 330 964 534 1011; x_wconf 82' lang='lat' dir='ltr'><strong>sacrario</strong></span> <span class='ocrx_word' id='word_1_74' title='bbox 552 965 699 1010; x_wconf 88' lang='lat' dir='ltr'><strong>sancti</strong></span> <span class='ocrx_word' id='word_1_75' title='bbox 721 965 846 1012; x_wconf 88' lang='lat' dir='ltr'><strong>Petri</strong></span> <span class='ocrx_word' id='word_1_76' title='bbox 867 965 915 1012; x_wconf 91' lang='lat' dir='ltr'><strong>in</strong></span> <span class='ocrx_word' id='word_1_77' title='bbox 939 983 1071 1029; x_wconf 88' lang='lat' dir='ltr'><strong>capsa</strong></span> <span class='ocrx_word' id='word_1_78' title='bbox 1091 975 1310 1030; x_wconf 81' lang='lat' dir='ltr'><strong>argentea</strong></span> <span class='ocrx_word' id='word_1_79' title='bbox 1329 982 1547 1030; x_wconf 83' lang='lat' dir='ltr'><strong>magnam</strong></span> 
     </span>
     <span class='ocr_line' id='line_1_12' title="bbox 125 1043 1544 1107; baseline 0.001 -19"><span class='ocrx_word' id='word_1_80' title='bbox 125 1043 401 1105; x_wconf 87' lang='lat' dir='ltr'><strong>portionem</strong></span> <span class='ocrx_word' id='word_1_81' title='bbox 433 1052 605 1088; x_wconf 69' lang='lat' dir='ltr'><strong>sanctae</strong></span> <span class='ocrx_word' id='word_1_82' title='bbox 640 1043 830 1102; x_wconf 88' lang='lat' dir='ltr'><strong>Crucis,</strong></span> <span class='ocrx_word' id='word_1_83' title='bbox 861 1044 960 1090; x_wconf 94' lang='lat' dir='ltr'><strong>Deo</strong></span> <span class='ocrx_word' id='word_1_84' title='bbox 984 1052 1310 1102; x_wconf 83' lang='lat' dir='ltr'><strong>monstrante,</strong></span> <span class='ocrx_word' id='word_1_85' title='bbox 1339 1043 1544 1107; x_wconf 86' lang='lat' dir='ltr'><strong>reperit,</strong></span> 
     </span>
     <span class='ocr_line' id='line_1_13' title="bbox 127 1119 1549 1185; baseline -0.001 -18"><span class='ocrx_word' id='word_1_86' title='bbox 127 1130 174 1167; x_wconf 84' lang='lat' dir='ltr'><strong>et</strong></span> <span class='ocrx_word' id='word_1_87' title='bbox 199 1120 245 1166; x_wconf 90' lang='lat' dir='ltr'><strong>in</strong></span> <span class='ocrx_word' id='word_1_88' title='bbox 270 1119 344 1167; x_wconf 84' lang='lat' dir='ltr'><strong>(lie</strong></span> <span class='ocrx_word' id='word_1_89' title='bbox 369 1120 667 1167; x_wconf 86' lang='lat' dir='ltr'><strong>exaltationis</strong></span> <span class='ocrx_word' id='word_1_90' title='bbox 697 1119 901 1183; x_wconf 86' lang='lat' dir='ltr'><strong>ejusdem</strong></span> <span class='ocrx_word' id='word_1_91' title='bbox 932 1139 957 1167; x_wconf 87' lang='lat' dir='ltr'><strong>a</strong></span> <span class='ocrx_word' id='word_1_92' title='bbox 986 1121 1167 1185; x_wconf 92' lang='lat' dir='ltr'><strong>populo</strong></span> <span class='ocrx_word' id='word_1_93' title='bbox 1190 1120 1387 1184; x_wconf 86' lang='lat' dir='ltr'><strong>singulis</strong></span> <span class='ocrx_word' id='word_1_94' title='bbox 1412 1120 1549 1168; x_wconf 88' lang='lat' dir='ltr'><strong>annis</strong></span> 
     </span>
     <span class='ocr_line' id='line_1_14' title="bbox 128 1197 1549 1263; baseline 0.001 -21"><span class='ocrx_word' id='word_1_95' title='bbox 128 1197 313 1245; x_wconf 86' lang='lat' dir='ltr'><strong>adorari</strong></span> <span class='ocrx_word' id='word_1_96' title='bbox 334 1198 601 1244; x_wconf 87' lang='lat' dir='ltr'><strong>constituit.</strong></span> <span class='ocrx_word' id='word_1_97' title='bbox 623 1199 709 1244; x_wconf 92' lang='lat' dir='ltr'><strong>llic</strong></span> <span class='ocrx_word' id='word_1_98' title='bbox 726 1198 1068 1246; x_wconf 87' lang='lat' dir='ltr'><strong>confractionis</strong></span> <span class='ocrx_word' id='word_1_99' title='bbox 1087 1210 1301 1263; x_wconf 86' lang='lat' dir='ltr'><strong>tempore</strong></span> <span class='ocrx_word' id='word_1_100' title='bbox 1320 1197 1549 1246; x_wconf 87' lang='lat' dir='ltr'><strong>dominici</strong></span> 
     </span>
     <span class='ocr_line' id='line_1_15' title="bbox 129 1275 1551 1341; baseline 0.001 -20"><span class='ocrx_word' id='word_1_101' title='bbox 129 1276 373 1339; x_wconf 81' lang='lat' dir='ltr'><strong>corporis,</strong></span> <span class='ocrx_word' id='word_1_102' title='bbox 415 1278 589 1340; x_wconf 72' lang='lat' dir='ltr'><strong>Agnus</strong></span> <span class='ocrx_word' id='word_1_103' title='bbox 620 1277 719 1322; x_wconf 71' lang='lat' dir='ltr'><strong>Dei</strong></span> <span class='ocrx_word' id='word_1_104' title='bbox 752 1295 776 1322; x_wconf 85' lang='lat' dir='ltr'><strong>a</strong></span> <span class='ocrx_word' id='word_1_105' title='bbox 810 1277 939 1324; x_wconf 85' lang='lat' dir='ltr'><strong>clero</strong></span> <span class='ocrx_word' id='word_1_106' title='bbox 973 1288 1020 1324; x_wconf 89' lang='lat' dir='ltr'><strong>et</strong></span> <span class='ocrx_word' id='word_1_107' title='bbox 1049 1277 1230 1341; x_wconf 93' lang='lat' dir='ltr'><strong>populo</strong></span> <span class='ocrx_word' id='word_1_108' title='bbox 1260 1287 1332 1324; x_wconf 83' lang='lat' dir='ltr'><strong>ter</strong></span> <span class='ocrx_word' id='word_1_109' title='bbox 1371 1275 1551 1322; x_wconf 85' lang='lat' dir='ltr'><strong>cantari</strong></span> 
     </span>
     <span class='ocr_line' id='line_1_16' title="bbox 129 1355 1552 1421; baseline 0.001 -21"><span class='ocrx_word' id='word_1_110' title='bbox 129 1355 312 1401; x_wconf 85' lang='lat' dir='ltr'><strong>statuit.</strong></span> <span class='ocrx_word' id='word_1_111' title='bbox 341 1355 625 1401; x_wconf 83' lang='lat' dir='ltr'><strong>Damianum</strong></span> <span class='ocrx_word' id='word_1_112' title='bbox 646 1373 760 1403; x_wconf 82' lang='lat' dir='ltr'><strong>vero</strong></span> <span class='ocrx_word' id='word_1_113' title='bbox 785 1356 1023 1403; x_wconf 68' lang='lat' dir='ltr'><strong>Ravennae</strong></span> <span class='ocrx_word' id='word_1_114' title='bbox 1047 1355 1482 1421; x_wconf 89' lang='lat' dir='ltr'><strong>archiepiscopum,</strong></span> <span class='ocrx_word' id='word_1_115' title='bbox 1505 1363 1552 1402; x_wconf 83' lang='lat' dir='ltr'><strong>et</strong></span> 
     </span>
     <span class='ocr_line' id='line_1_17' title="bbox 131 1431 1555 1498; baseline 0.002 -21"><span class='ocrx_word' id='word_1_116' title='bbox 131 1431 433 1479; x_wconf 85' lang='lat' dir='ltr'><strong>Bertoaldum</strong></span> <span class='ocrx_word' id='word_1_117' title='bbox 465 1432 779 1480; x_wconf 84' lang='lat' dir='ltr'><strong>Doroberniae</strong></span> <span class='ocrx_word' id='word_1_118' title='bbox 802 1432 1233 1498; x_wconf 83' lang='lat' dir='ltr'><strong>archiepiscopum,</strong></span> <span class='ocrx_word' id='word_1_119' title='bbox 1261 1443 1309 1480; x_wconf 92' lang='lat' dir='ltr'><strong>et</strong></span> <span class='ocrx_word' id='word_1_120' title='bbox 1331 1432 1555 1480; x_wconf 88' lang='lat' dir='ltr'><strong>Clemen-</strong></span> 
     </span>
     <span class='ocr_line' id='line_1_18' title="bbox 135 1510 1555 1576; baseline 0.001 -20"><span class='ocrx_word' id='word_1_121' title='bbox 135 1520 231 1557; x_wconf 90' lang='lat' dir='ltr'><strong>tem</strong></span> <span class='ocrx_word' id='word_1_122' title='bbox 257 1510 650 1558; x_wconf 87' lang='lat' dir='ltr'><strong>Guillebrordum</strong></span> <span class='ocrx_word' id='word_1_123' title='bbox 671 1512 716 1557; x_wconf 93' lang='lat' dir='ltr'><strong>in</strong></span> <span class='ocrx_word' id='word_1_124' title='bbox 740 1521 880 1575; x_wconf 81' lang='lat' dir='ltr'><strong>gente</strong></span> <span class='ocrx_word' id='word_1_125' title='bbox 902 1513 1184 1559; x_wconf 89' lang='lat' dir='ltr'><strong>Fresionum</strong></span> <span class='ocrx_word' id='word_1_126' title='bbox 1198 1547 1212 1568; x_wconf 92' lang='lat'><strong>,</strong></span> <span class='ocrx_word' id='word_1_127' title='bbox 1239 1511 1448 1576; x_wconf 85' lang='lat' dir='ltr'><strong>aliosque</strong></span> <span class='ocrx_word' id='word_1_128' title='bbox 1469 1527 1555 1574; x_wconf 87' lang='lat' dir='ltr'><strong>per</strong></span> 
     </span>
     <span class='ocr_line' id='line_1_19' title="bbox 133 1585 1556 1653; baseline 0 -20"><span class='ocrx_word' id='word_1_129' title='bbox 133 1588 338 1634; x_wconf 73' lang='lat' dir='ltr'><strong>diversas</strong></span> <span class='ocrx_word' id='word_1_130' title='bbox 363 1588 632 1652; x_wconf 69' lang='lat' dir='ltr'><strong>provincias</strong></span> <span class='ocrx_word' id='word_1_131' title='bbox 666 1589 910 1653; x_wconf 82' lang='lat' dir='ltr'><strong>episcopos</strong></span> <span class='ocrx_word' id='word_1_132' title='bbox 942 1605 1072 1635; x_wconf 82' lang='lat' dir='ltr'><strong>xcvu</strong></span> <span class='ocrx_word' id='word_1_133' title='bbox 1106 1587 1361 1635; x_wconf 70' lang='lat' dir='ltr'><strong>ordinavit.</strong></span> <span class='ocrx_word' id='word_1_134' title='bbox 1391 1588 1443 1633; x_wconf 92' lang='lat' dir='ltr'><strong>In</strong></span> <span class='ocrx_word' id='word_1_135' title='bbox 1471 1585 1556 1633; x_wconf 84' lang='lat' dir='ltr'><strong>ba-</strong></span> 
     </span>
     <span class='ocr_line' id='line_1_20' title="bbox 135 1664 1555 1730; baseline -0.001 -18"><span class='ocrx_word' id='word_1_136' title='bbox 135 1667 262 1712; x_wconf 89' lang='lat' dir='ltr'><strong>silica</strong></span> <span class='ocrx_word' id='word_1_137' title='bbox 284 1666 407 1713; x_wconf 85' lang='lat' dir='ltr'><strong>beati</strong></span> <span class='ocrx_word' id='word_1_138' title='bbox 432 1667 557 1713; x_wconf 87' lang='lat' dir='ltr'><strong>Petri</strong></span> <span class='ocrx_word' id='word_1_139' title='bbox 584 1667 784 1730; x_wconf 88' lang='lat' dir='ltr'><strong>apostoli</strong></span> <span class='ocrx_word' id='word_1_140' title='bbox 813 1679 883 1714; x_wconf 90' lang='lat' dir='ltr'><strong>v1⁰</strong></span> <span class='ocrx_word' id='word_1_141' title='bbox 912 1666 1014 1713; x_wconf 86' lang='lat' dir='ltr'><strong>idus</strong></span> <span class='ocrx_word' id='word_1_142' title='bbox 1043 1664 1322 1730; x_wconf 87' lang='lat' dir='ltr'><strong>septembris</strong></span> <span class='ocrx_word' id='word_1_143' title='bbox 1347 1665 1555 1729; x_wconf 89' lang='lat' dir='ltr'><strong>sepultus</strong></span> 
     </span>
     <span class='ocr_line' id='line_1_21' title="bbox 137 1743 1557 1808; baseline -0.001 -19"><span class='ocrx_word' id='word_1_144' title='bbox 137 1755 235 1800; x_wconf 88' lang='lat' dir='ltr'><strong>est,</strong></span> <span class='ocrx_word' id='word_1_145' title='bbox 279 1743 366 1789; x_wconf 88' lang='lat' dir='ltr'><strong>sub</strong></span> <span class='ocrx_word' id='word_1_146' title='bbox 411 1743 607 1791; x_wconf 87' lang='lat' dir='ltr'><strong>Tiberio</strong></span> <span class='ocrx_word' id='word_1_147' title='bbox 647 1745 899 1808; x_wconf 77' lang='lat' dir='ltr'><strong>Augusto,</strong></span> <span class='ocrx_word' id='word_1_148' title='bbox 942 1755 989 1792; x_wconf 91' lang='lat' dir='ltr'><strong>et</strong></span> <span class='ocrx_word' id='word_1_149' title='bbox 1029 1744 1222 1791; x_wconf 82' lang='lat' dir='ltr'><strong>cessavit</strong></span> <span class='ocrx_word' id='word_1_150' title='bbox 1261 1743 1557 1808; x_wconf 86' lang='lat' dir='ltr'><strong>episcopatus</strong></span> 
     </span>
     <span class='ocr_line' id='line_1_22' title="bbox 137 1820 836 1885; baseline 0 -18"><span class='ocrx_word' id='word_1_151' title='bbox 137 1838 297 1868; x_wconf 89' lang='lat' dir='ltr'><strong>mense</strong></span> <span class='ocrx_word' id='word_1_152' title='bbox 322 1838 443 1879; x_wconf 89' lang='lat' dir='ltr'><strong>uno,</strong></span> <span class='ocrx_word' id='word_1_153' title='bbox 469 1820 634 1868; x_wconf 89' lang='lat' dir='ltr'><strong>diebus</strong></span> <span class='ocrx_word' id='word_1_154' title='bbox 659 1838 722 1867; x_wconf 87' lang='lat' dir='ltr'><strong>xx</strong></span> <span class='ocrx_word' id='word_1_155' title='bbox 742 1822 836 1885; x_wconf 84' lang='lat'>(1).</span> 
     </span>
    </p>
   </div>
   <div class='ocr_carea' id='block_1_3' title="bbox 141 2035 1563 2731">
    <p class='ocr_par' dir='ltr' id='par_1_3' title="bbox 141 2035 1563 2731">
     <span class='ocr_line' id='line_1_23' title="bbox 184 2035 1557 2086; baseline 0.001 -17"><span class='ocrx_word' id='word_1_156' title='bbox 184 2037 197 2080; x_wconf 81' lang='lat'><em>&lt;</em></span> <span class='ocrx_word' id='word_1_157' title='bbox 209 2039 238 2081; x_wconf 75' lang='grc' dir='ltr'><strong>ι’)</strong></span> <span class='ocrx_word' id='word_1_158' title='bbox 263 2036 320 2079; x_wconf 78' lang='lat'><strong>(15</strong></span> <span class='ocrx_word' id='word_1_159' title='bbox 340 2036 534 2072; x_wconf 70' lang='lat' dir='ltr'><strong>decembre</strong></span> <span class='ocrx_word' id='word_1_160' title='bbox 558 2037 673 2085; x_wconf 59' lang='lat'><strong>6876</strong></span> <span class='ocrx_word' id='word_1_161' title='bbox 700 2037 905 2084; x_wconf 87' lang='lat' dir='ltr'><strong>septembre</strong></span> <span class='ocrx_word' id='word_1_162' title='bbox 929 2038 1028 2086; x_wconf 87' lang='lat'>701.)</span> <span class='ocrx_word' id='word_1_163' title='bbox 1048 2037 1276 2072; x_wconf 84' lang='lat' dir='ltr'><strong>Panormum</strong></span> <span class='ocrx_word' id='word_1_164' title='bbox 1301 2043 1356 2072; x_wconf 91' lang='lat' dir='ltr'><strong>est</strong></span> <span class='ocrx_word' id='word_1_165' title='bbox 1380 2035 1557 2072; x_wconf 83' lang='lat' dir='ltr'><strong>Palerme.</strong></span> 
     </span>
     <span class='ocr_line' id='line_1_24' title="bbox 141 2095 1560 2145; baseline 0 -15"><span class='ocrx_word' id='word_1_166' title='bbox 141 2098 199 2131; x_wconf 80' lang='lat' dir='ltr'><strong>Au</strong></span> <span class='ocrx_word' id='word_1_167' title='bbox 212 2095 284 2131; x_wconf 90' lang='lat' dir='ltr'><strong>lieu</strong></span> <span class='ocrx_word' id='word_1_168' title='bbox 299 2096 344 2131; x_wconf 90' lang='lat' dir='ltr'><strong>de</strong></span> <span class='ocrx_word' id='word_1_169' title='bbox 360 2097 558 2131; x_wconf 69' lang='lat' dir='ltr'><strong>Plautinus</strong></span> <span class='ocrx_word' id='word_1_170' title='bbox 569 2127 576 2140; x_wconf 92' lang='lat'><strong>,</strong></span> <span class='ocrx_word' id='word_1_171' title='bbox 598 2096 680 2131; x_wconf 75' lang='lat' dir='ltr'><strong>liscz</strong></span> <span class='ocrx_word' id='word_1_172' title='bbox 699 2097 854 2145; x_wconf 64' lang='lat' dir='ltr'><strong>Plrtlyn.</strong></span> <span class='ocrx_word' id='word_1_173' title='bbox 870 2098 970 2132; x_wconf 77' lang='lat' dir='ltr'><strong>Nous</strong></span> <span class='ocrx_word' id='word_1_174' title='bbox 986 2104 1202 2132; x_wconf 83' lang='lat' dir='ltr'><strong>retrouvons</strong></span> <span class='ocrx_word' id='word_1_175' title='bbox 1222 2097 1268 2132; x_wconf 88' lang='lat' dir='ltr'><strong>ici</strong></span> <span class='ocrx_word' id='word_1_176' title='bbox 1286 2109 1335 2131; x_wconf 92' lang='lat' dir='ltr'><strong>un</strong></span> <span class='ocrx_word' id='word_1_177' title='bbox 1349 2097 1560 2144; x_wconf 79' lang='lat' dir='ltr'><strong>magistria-</strong></span> 
     </span>
     <span class='ocr_line' id='line_1_25' title="bbox 142 2155 1563 2208; baseline 0 -18"><span class='ocrx_word' id='word_1_178' title='bbox 142 2170 225 2190; x_wconf 68' lang='grc' dir='ltr'><em>ηιις.</em></span> <span class='ocrx_word' id='word_1_179' title='bbox 248 2157 370 2203; x_wconf 62' lang='lat' dir='ltr'><strong>Yoyez</strong></span> <span class='ocrx_word' id='word_1_180' title='bbox 387 2156 586 2200; x_wconf 79' lang='lat' dir='ltr'><strong>ci-d‹·ssus,</strong></span> <span class='ocrx_word' id='word_1_181' title='bbox 608 2170 643 2204; x_wconf 82' lang='lat' dir='ltr'><strong>p.</strong></span> <span class='ocrx_word' id='word_1_182' title='bbox 666 2156 745 2192; x_wconf 82' lang='lat'><strong>258.</strong></span> <span class='ocrx_word' id='word_1_183' title='bbox 768 2158 815 2192; x_wconf 85' lang='lat' dir='ltr'><strong>La</strong></span> <span class='ocrx_word' id='word_1_184' title='bbox 840 2169 978 2191; x_wconf 88' lang='lat' dir='ltr'><strong>somme</strong></span> <span class='ocrx_word' id='word_1_185' title='bbox 1001 2169 1188 2192; x_wconf 87' lang='lat' dir='ltr'><strong>convenue</strong></span> <span class='ocrx_word' id='word_1_186' title='bbox 1205 2163 1309 2191; x_wconf 88' lang='lat' dir='ltr'><strong>entre</strong></span> <span class='ocrx_word' id='word_1_187' title='bbox 1328 2155 1509 2208; x_wconf 47' lang='lat' dir='ltr'><strong>l’exgtrque</strong></span> <span class='ocrx_word' id='word_1_188' title='bbox 1525 2161 1563 2190; x_wconf 86' lang='lat' dir='ltr'><strong>et</strong></span> 
     </span>
     <span class='ocr_line' id='line_1_26' title="bbox 141 2212 1560 2263; baseline 0 -14"><span class='ocrx_word' id='word_1_189' title='bbox 141 2215 262 2249; x_wconf 79' lang='lat' dir='ltr'><strong>Pascal</strong></span> <span class='ocrx_word' id='word_1_190' title='bbox 287 2216 390 2258; x_wconf 78' lang='lat' dir='ltr'><strong>(cent</strong></span> <span class='ocrx_word' id='word_1_191' title='bbox 409 2215 515 2250; x_wconf 76' lang='lat' dir='ltr'><strong>livres</strong></span> <span class='ocrx_word' id='word_1_192' title='bbox 533 2216 632 2262; x_wconf 82' lang='lat' dir='ltr'><strong>d&#39;or)</strong></span> <span class='ocrx_word' id='word_1_193' title='bbox 651 2216 781 2250; x_wconf 85' lang='lat' dir='ltr'><strong>n’avait</strong></span> <span class='ocrx_word' id='word_1_194' title='bbox 799 2229 860 2263; x_wconf 80' lang='lat' dir='ltr'><strong>pas</strong></span> <span class='ocrx_word' id='word_1_195' title='bbox 877 2218 934 2251; x_wconf 74' lang='lat' dir='ltr'><strong>cte</strong></span> <span class='ocrx_word' id='word_1_196' title='bbox 955 2216 1082 2258; x_wconf 74' lang='lat' dir='ltr'><strong>HVrec,</strong></span> <span class='ocrx_word' id='word_1_197' title='bbox 1111 2216 1201 2251; x_wconf 88' lang='lat' dir='ltr'><strong>mais</strong></span> <span class='ocrx_word' id='word_1_198' title='bbox 1221 2215 1391 2262; x_wconf 80' lang='lat' dir='ltr'><strong>promise·</strong></span> <span class='ocrx_word' id='word_1_199' title='bbox 1411 2212 1560 2261; x_wconf 83' lang='lat' dir='ltr'><strong>Sergius</strong></span> 
     </span>
     <span class='ocr_line' id='line_1_27' title="bbox 142 2272 1561 2321; baseline 0 -15"><span class='ocrx_word' id='word_1_200' title='bbox 142 2274 198 2306; x_wconf 82' lang='lat' dir='ltr'><strong>sut</strong></span> <span class='ocrx_word' id='word_1_201' title='bbox 215 2274 397 2308; x_wconf 72' lang='lat' dir='ltr'><strong>contraint</strong></span> <span class='ocrx_word' id='word_1_202' title='bbox 413 2273 458 2307; x_wconf 90' lang='lat' dir='ltr'><strong>‹le</strong></span> <span class='ocrx_word' id='word_1_203' title='bbox 478 2273 510 2308; x_wconf 89' lang='lat' dir='ltr'><strong>la</strong></span> <span class='ocrx_word' id='word_1_204' title='bbox 531 2286 649 2321; x_wconf 86' lang='lat' dir='ltr'><strong>payer.</strong></span> <span class='ocrx_word' id='word_1_205' title='bbox 675 2275 722 2309; x_wconf 90' lang='lat' dir='ltr'><strong>Le</strong></span> <span class='ocrx_word' id='word_1_206' title='bbox 742 2274 880 2310; x_wconf 87' lang='lat' dir='ltr'><strong>concile</strong></span> <span class='ocrx_word' id='word_1_207' title='bbox 905 2276 942 2308; x_wconf 83' lang='lat' dir='ltr'><strong>in</strong></span> <span class='ocrx_word' id='word_1_208' title='bbox 967 2275 1095 2309; x_wconf 81' lang='lat' dir='ltr'><strong>Trullo</strong></span> <span class='ocrx_word' id='word_1_209' title='bbox 1115 2280 1178 2309; x_wconf 88' lang='lat' dir='ltr'><strong>eut</strong></span> <span class='ocrx_word' id='word_1_210' title='bbox 1194 2273 1268 2308; x_wconf 83' lang='lat' dir='ltr'><strong>lieu</strong></span> <span class='ocrx_word' id='word_1_211' title='bbox 1285 2285 1333 2318; x_wconf 78' lang='lat' dir='ltr'><strong>en</strong></span> <span class='ocrx_word' id='word_1_212' title='bbox 1349 2272 1431 2321; x_wconf 77' lang='lat'><strong>69¹,</strong></span> <span class='ocrx_word' id='word_1_213' title='bbox 1454 2278 1491 2307; x_wconf 88' lang='lat' dir='ltr'><strong>et</strong></span> <span class='ocrx_word' id='word_1_214' title='bbox 1507 2283 1561 2306; x_wconf 79' lang='lat' dir='ltr'><strong>ses</strong></span> 
     </span>
     <span class='ocr_line' id='line_1_28' title="bbox 142 2329 1562 2380; baseline -0.001 -15"><span class='ocrx_word' id='word_1_215' title='bbox 142 2339 236 2365; x_wconf 67' lang='lat' dir='ltr'><strong>actos</strong></span> <span class='ocrx_word' id='word_1_216' title='bbox 261 2333 384 2366; x_wconf 64' lang='lat' dir='ltr'><strong>sni-ent</strong></span> <span class='ocrx_word' id='word_1_217' title='bbox 409 2333 579 2366; x_wconf 63' lang='lat' dir='ltr'><strong>soum-its</strong></span> <span class='ocrx_word' id='word_1_218' title='bbox 604 2345 667 2379; x_wconf 79' lang='lat' dir='ltr'><strong>par</strong></span> <span class='ocrx_word' id='word_1_219' title='bbox 693 2332 788 2366; x_wconf 83' lang='lat' dir='ltr'><strong>deux</strong></span> <span class='ocrx_word' id='word_1_220' title='bbox 807 2339 890 2367; x_wconf 87' lang='lat' dir='ltr'><strong>cent</strong></span> <span class='ocrx_word' id='word_1_221' title='bbox 914 2345 1002 2367; x_wconf 85' lang='lat' dir='ltr'><strong>onze</strong></span> <span class='ocrx_word' id='word_1_222' title='bbox 1021 2333 1188 2380; x_wconf 69' lang='lat' dir='ltr'><strong>eveques.</strong></span> <span class='ocrx_word' id='word_1_223' title='bbox 1215 2331 1312 2367; x_wconf 83' lang='lat' dir='ltr'><strong>C&#39;est</strong></span> <span class='ocrx_word' id='word_1_224' title='bbox 1334 2343 1380 2366; x_wconf 91' lang='lat' dir='ltr'><strong>en</strong></span> <span class='ocrx_word' id='word_1_225' title='bbox 1405 2329 1473 2378; x_wconf 86' lang='lat'><strong>692</strong></span> <span class='ocrx_word' id='word_1_226' title='bbox 1490 2341 1562 2377; x_wconf 87' lang='lat' dir='ltr'><strong>que</strong></span> 
     </span>
     <span class='ocr_line' id='line_1_29' title="bbox 143 2388 1562 2439; baseline -0.001 -14"><span class='ocrx_word' id='word_1_227' title='bbox 143 2391 361 2437; x_wconf 65' lang='lat' dir='ltr'><strong>Pompei-eur</strong></span> <span class='ocrx_word' id='word_1_228' title='bbox 378 2390 427 2424; x_wconf 72' lang='lat' dir='ltr'><strong>les</strong></span> <span class='ocrx_word' id='word_1_229' title='bbox 441 2403 575 2437; x_wconf 65' lang='lat' dir='ltr'><strong>cnmya</strong></span> <span class='ocrx_word' id='word_1_230' title='bbox 591 2404 635 2425; x_wconf 84' lang='lat' dir='ltr'><strong>au</strong></span> <span class='ocrx_word' id='word_1_231' title='bbox 654 2404 761 2438; x_wconf 84' lang='lat' dir='ltr'><strong>pape,</strong></span> <span class='ocrx_word' id='word_1_232' title='bbox 782 2393 845 2439; x_wconf 76' lang='lat' dir='ltr'><strong>qui</strong></span> <span class='ocrx_word' id='word_1_233' title='bbox 865 2404 909 2427; x_wconf 85' lang='lat' dir='ltr'><strong>ne</strong></span> <span class='ocrx_word' id='word_1_234' title='bbox 928 2392 1059 2439; x_wconf 82' lang='lat' dir='ltr'><strong>daigna</strong></span> <span class='ocrx_word' id='word_1_235' title='bbox 1079 2404 1140 2439; x_wconf 86' lang='lat' dir='ltr'><strong>pas</strong></span> <span class='ocrx_word' id='word_1_236' title='bbox 1159 2391 1278 2426; x_wconf 65' lang='lat' dir='ltr'><strong>meme</strong></span> <span class='ocrx_word' id='word_1_237' title='bbox 1293 2390 1344 2425; x_wconf 79' lang='lat' dir='ltr'><strong>les</strong></span> <span class='ocrx_word' id='word_1_238' title='bbox 1358 2388 1447 2432; x_wconf 84' lang='lat' dir='ltr'><strong>lire,</strong></span> <span class='ocrx_word' id='word_1_239' title='bbox 1465 2394 1502 2423; x_wconf 86' lang='lat' dir='ltr'><strong>et</strong></span> <span class='ocrx_word' id='word_1_240' title='bbox 1515 2401 1562 2423; x_wconf 87' lang='lat' dir='ltr'><strong>en</strong></span> 
     </span>
     <span class='ocr_line' id='line_1_30' title="bbox 143 2446 1560 2496; baseline -0.003 -12"><span class='ocrx_word' id='word_1_241' title='bbox 143 2448 212 2496; x_wconf 81' lang='lat'><strong>695</strong></span> <span class='ocrx_word' id='word_1_242' title='bbox 226 2461 296 2496; x_wconf 88' lang='lat' dir='ltr'><strong>que</strong></span> <span class='ocrx_word' id='word_1_243' title='bbox 314 2448 347 2482; x_wconf 84' lang='lat' dir='ltr'><strong>le</strong></span> <span class='ocrx_word' id='word_1_244' title='bbox 366 2450 656 2495; x_wconf 77' lang='lat' dir='ltr'><strong>protospatliaire</strong></span> <span class='ocrx_word' id='word_1_245' title='bbox 677 2450 853 2484; x_wconf 78' lang='lat' dir='ltr'><strong>zacharie</strong></span> <span class='ocrx_word' id='word_1_246' title='bbox 873 2451 948 2485; x_wconf 82' lang='lat' dir='ltr'><strong>vint</strong></span> <span class='ocrx_word' id='word_1_247' title='bbox 966 2452 985 2485; x_wconf 70' lang='lat' dir='ltr'><strong>a</strong></span> <span class='ocrx_word' id='word_1_248' title='bbox 1000 2450 1117 2485; x_wconf 84' lang='lat' dir='ltr'><strong>Rome</strong></span> <span class='ocrx_word' id='word_1_249' title='bbox 1137 2461 1230 2496; x_wconf 81' lang='lat' dir='ltr'><strong>pour</strong></span> <span class='ocrx_word' id='word_1_250' title='bbox 1248 2461 1294 2484; x_wconf 86' lang='lat' dir='ltr'><strong>en</strong></span> <span class='ocrx_word' id='word_1_251' title='bbox 1316 2446 1459 2482; x_wconf 84' lang='lat' dir='ltr'><strong>enlever</strong></span> <span class='ocrx_word' id='word_1_252' title='bbox 1475 2446 1560 2481; x_wconf 91' lang='lat' dir='ltr'><strong>Ser-</strong></span> 
     </span>
     <span class='ocr_line' id='line_1_31' title="bbox 146 2507 1559 2557; baseline -0.004 -14"><span class='ocrx_word' id='word_1_253' title='bbox 146 2509 239 2554; x_wconf 71' lang='lat' dir='ltr'><strong>gius,</strong></span> <span class='ocrx_word' id='word_1_254' title='bbox 254 2509 358 2542; x_wconf 79' lang='lat' dir='ltr'><strong>Cette</strong></span> <span class='ocrx_word' id='word_1_255' title='bbox 369 2508 571 2554; x_wconf 70' lang='lat' dir='ltr'><strong>entreprise</strong></span> <span class='ocrx_word' id='word_1_256' title='bbox 586 2522 630 2543; x_wconf 86' lang='lat' dir='ltr'><strong>ne</strong></span> <span class='ocrx_word' id='word_1_257' title='bbox 645 2510 774 2543; x_wconf 66' lang='lat' dir='ltr'><strong>reus-sit</strong></span> <span class='ocrx_word' id='word_1_258' title='bbox 786 2522 860 2556; x_wconf 86' lang='lat' dir='ltr'><strong>pas,</strong></span> <span class='ocrx_word' id='word_1_259' title='bbox 877 2509 977 2553; x_wconf 81' lang='lat' dir='ltr'><strong>mais,</strong></span> <span class='ocrx_word' id='word_1_260' title='bbox 993 2509 1078 2557; x_wconf 85' lang='lat' dir='ltr'><strong>quoi</strong></span> <span class='ocrx_word' id='word_1_261' title='bbox 1093 2509 1201 2556; x_wconf 74' lang='lat' dir='ltr'><strong>qu&#39;en</strong></span> <span class='ocrx_word' id='word_1_262' title='bbox 1211 2507 1287 2542; x_wconf 87' lang='lat' dir='ltr'><strong>dise</strong></span> <span class='ocrx_word' id='word_1_263' title='bbox 1301 2511 1405 2540; x_wconf 84' lang='lat' dir='ltr'><strong>notre</strong></span> <span class='ocrx_word' id='word_1_264' title='bbox 1418 2511 1559 2549; x_wconf 86' lang='lat' dir='ltr'><strong>auteur,</strong></span> 
     </span>
     <span class='ocr_line' id='line_1_32' title="bbox 146 2564 1563 2615; baseline -0.002 -13"><span class='ocrx_word' id='word_1_265' title='bbox 146 2568 170 2602; x_wconf 86' lang='lat' dir='ltr'><strong>il</strong></span> <span class='ocrx_word' id='word_1_266' title='bbox 203 2567 301 2602; x_wconf 71' lang='lat' dir='ltr'><strong>subit</strong></span> <span class='ocrx_word' id='word_1_267' title='bbox 329 2579 376 2601; x_wconf 90' lang='lat' dir='ltr'><strong>un</strong></span> <span class='ocrx_word' id='word_1_268' title='bbox 402 2566 470 2600; x_wconf 80' lang='lat' dir='ltr'><strong>cxil</strong></span> <span class='ocrx_word' id='word_1_269' title='bbox 499 2567 543 2600; x_wconf 65' lang='lat' dir='ltr'><strong>de</strong></span> <span class='ocrx_word' id='word_1_270' title='bbox 576 2575 654 2615; x_wconf 71' lang='lat' dir='ltr'><strong>sept</strong></span> <span class='ocrx_word' id='word_1_271' title='bbox 683 2581 768 2611; x_wconf 69' lang='grc' dir='ltr'><strong>3ης,</strong></span> <span class='ocrx_word' id='word_1_272' title='bbox 797 2580 938 2603; x_wconf 84' lang='lat' dir='ltr'><strong>comme</strong></span> <span class='ocrx_word' id='word_1_273' title='bbox 965 2581 1012 2603; x_wconf 89' lang='lat' dir='ltr'><strong>on</strong></span> <span class='ocrx_word' id='word_1_274' title='bbox 1042 2568 1074 2603; x_wconf 91' lang='lat' dir='ltr'><strong>le</strong></span> <span class='ocrx_word' id='word_1_275' title='bbox 1105 2567 1178 2601; x_wconf 82' lang='lat' dir='ltr'><strong>voit</strong></span> <span class='ocrx_word' id='word_1_276' title='bbox 1208 2578 1272 2613; x_wconf 87' lang='lat' dir='ltr'><strong>par</strong></span> <span class='ocrx_word' id='word_1_277' title='bbox 1298 2575 1362 2599; x_wconf 87' lang='lat' dir='ltr'><strong>son</strong></span> <span class='ocrx_word' id='word_1_278' title='bbox 1390 2564 1563 2611; x_wconf 74' lang='lat' dir='ltr'><strong>epitaphe</strong></span> 
     </span>
     <span class='ocr_line' id='line_1_33' title="bbox 146 2622 1559 2673; baseline -0.003 -12"><span class='ocrx_word' id='word_1_279' title='bbox 146 2626 316 2670; x_wconf 51' lang='lat' dir='ltr'><strong>(Sringlii</strong></span> <span class='ocrx_word' id='word_1_280' title='bbox 329 2653 337 2668; x_wconf 88' lang='lat'>‚</span> <span class='ocrx_word' id='word_1_281' title='bbox 356 2637 385 2668; x_wconf 84' lang='lat'><strong>1,</strong></span> <span class='ocrx_word' id='word_1_282' title='bbox 404 2638 435 2671; x_wconf 72' lang='lat' dir='ltr'><strong>p</strong></span> <span class='ocrx_word' id='word_1_283' title='bbox 462 2625 548 2670; x_wconf 65' lang='lat'>103).</span> <span class='ocrx_word' id='word_1_284' title='bbox 570 2628 640 2661; x_wconf 81' lang='lat' dir='ltr'><strong>Sur</strong></span> <span class='ocrx_word' id='word_1_285' title='bbox 655 2627 685 2661; x_wconf 89' lang='lat' dir='ltr'><strong>la</strong></span> <span class='ocrx_word' id='word_1_286' title='bbox 703 2627 919 2662; x_wconf 74' lang='lat' dir='ltr'><strong>decouverte</strong></span> <span class='ocrx_word' id='word_1_287' title='bbox 933 2627 1042 2661; x_wconf 89' lang='lat' dir='ltr'><strong>d&#39;une</strong></span> <span class='ocrx_word' id='word_1_288' title='bbox 1061 2625 1207 2673; x_wconf 84' lang='lat' dir='ltr'><strong>portion</strong></span> <span class='ocrx_word' id='word_1_289' title='bbox 1225 2623 1270 2657; x_wconf 91' lang='lat' dir='ltr'><strong>de</strong></span> <span class='ocrx_word' id='word_1_290' title='bbox 1287 2622 1319 2656; x_wconf 81' lang='lat' dir='ltr'><strong>la</strong></span> <span class='ocrx_word' id='word_1_291' title='bbox 1334 2622 1430 2656; x_wconf 78' lang='lat' dir='ltr'><strong>vraie</strong></span> <span class='ocrx_word' id='word_1_292' title='bbox 1443 2622 1559 2665; x_wconf 87' lang='lat' dir='ltr'><strong>croix,</strong></span> 
     </span>
     <span class='ocr_line' id='line_1_34' title="bbox 148 2681 1561 2731; baseline -0.003 -11"><span class='ocrx_word' id='word_1_293' title='bbox 148 2699 252 2720; x_wconf 59' lang='grc' dir='ltr'><strong>τοκῆι</strong></span> <span class='ocrx_word' id='word_1_294' title='bbox 267 2684 461 2728; x_wconf 64' lang='lat' dir='ltr'><strong>‹ti-dessus,</strong></span> <span class='ocrx_word' id='word_1_295' title='bbox 484 2685 507 2718; x_wconf 90' lang='lat' dir='ltr'><strong>l.</strong></span> <span class='ocrx_word' id='word_1_296' title='bbox 533 2697 561 2727; x_wconf 74' lang='grc' dir='ltr'><strong>ι,</strong></span> <span class='ocrx_word' id='word_1_297' title='bbox 587 2699 618 2731; x_wconf 84' lang='lat' dir='ltr'><strong>p.</strong></span> <span class='ocrx_word' id='word_1_298' title='bbox 644 2687 726 2730; x_wconf 67' lang='lat'><strong>146,</strong></span> <span class='ocrx_word' id='word_1_299' title='bbox 749 2694 785 2722; x_wconf 89' lang='lat' dir='ltr'><strong>et</strong></span> <span class='ocrx_word' id='word_1_300' title='bbox 805 2699 866 2722; x_wconf 79' lang='lat' dir='ltr'><strong>sur</strong></span> <span class='ocrx_word' id='word_1_301' title='bbox 885 2688 977 2723; x_wconf 82' lang='lat' dir='ltr'><strong>saint</strong></span> <span class='ocrx_word' id='word_1_302' title='bbox 999 2684 1216 2727; x_wconf 77' lang='lat' dir='ltr'><strong>willibrod,</strong></span> <span class='ocrx_word' id='word_1_303' title='bbox 1237 2682 1339 2721; x_wconf 77' lang='lat' dir='ltr'><em>ibid..</em></span> <span class='ocrx_word' id='word_1_304' title='bbox 1360 2695 1392 2729; x_wconf 88' lang='lat' dir='ltr'><strong>p.</strong></span> <span class='ocrx_word' id='word_1_305' title='bbox 1417 2681 1491 2725; x_wconf 73' lang='lat'><strong>145.</strong></span> <span class='ocrx_word' id='word_1_306' title='bbox 1510 2682 1561 2724; x_wconf 82' lang='lat' dir='ltr'><strong>Ce</strong></span> 
     </span>
    </p>
   </div>
  </div>
 </body>
</html>
