1738 3043
653 213 806 252 LIBER
835 213 1115 252 SECUNDUS.
1522 217 1598 254 435

174 292 433 341 Mezentius
466 302 700 358 tyrannus
724 310 925 357 regnum
960 294 1146 341 invasit.
1181 295 1321 341 Tunc
1353 295 1596 343 Sarraceni

173 388 394 436 magnam
430 381 634 436 stragem
668 369 1053 419 Christianorum
1088 373 1135 419 in
1171 373 1327 420 Sicilia
1359 373 1595 422 fecerunt.

173 449 327 496 Porro
364 448 629 496 Vitalianus
664 466 781 514 papa
821 458 889 494 v1⁰
922 449 1015 496 kal.
1054 448 1281 497 februarii
1318 450 1375 497 ad
1406 450 1599 499 beatum

174 527 369 574 Petrum
392 527 662 592 apostolum
691 525 903 591 sepultus
934 537 1029 582 est,
1059 538 1106 574 et
1136 529 1329 576 cessavit
1354 530 1601 596 episcopa-

177 614 251 651 tus
273 604 515 652 mensibus
538 621 572 650 11
597 602 763 650 diebus
788 620 877 651 xm
901 606 988 666 (1).

210 681 508 730 ‘Adeodatus
543 682 789 729 Romanus
811 718 824 740 ,
864 682 1186 730 exmonachus
1207 720 1219 740 ‚
1255 684 1312 731 de
1349 696 1483 750 patre
1517 688 1603 736 Jo-

175 759 346 818 biano,
378 761 499 808 sedit
528 760 665 808 annis
696 778 744 808 1v
770 760 1013 808 mensibus
1043 778 1075 808 11
1103 761 1268 810 diebus
1295 781 1343 810 v.
1383 765 1521 812 Tunc
1553 768 1601 814 in

175 837 296 886 urbe
306 839 598 905 Syracusana
609 839 874 886 Mezentius
885 838 943 886 ab
955 841 1167 888 exercitu
1184 840 1331 887 ltaliae
1349 842 1605 909 interemp-

177 927 253 965 tus
272 927 341 966 est
355 956 367 978 ‚
384 928 433 966 et
452 917 616 965 multis
636 936 693 965 ex
708 916 949 982 judicibus
974 919 1207 966 truncatis
1231 931 1372 984 caput
1396 921 1602 986 ejusdem

178 995 654 1061 Constantinopolim
670 995 880 1043 delatum
897 1007 982 1044 est.
1006 997 1186 1045 Deinde
1205 998 1450 1046 Sarraceni
1476 1019 1607 1065 prae-

177 1071 355 1120 dictam
395 1071 566 1120 urbem
605 1071 955 1131 obtinuerunt,
999 1073 1296 1141 multamque
1336 1076 1385 1123 in
1424 1078 1607 1142 populo

178 1153 470 1200 occisionem
489 1153 734 1209 fecerunt;
756 1153 1050 1218 nimiamque
1067 1153 1303 1218 praedam,
1326 1172 1470 1220 quam
1496 1157 1608 1205 illuc

179 1247 337 1295 nuper
360 1230 705 1278 Constantinus
726 1231 986 1295 imperator
1006 1249 1165 1278 secum
1191 1231 1451 1291 detulerat,
1473 1234 1608 1282 aufe-

179 1319 366 1366 rentes,
393 1308 730 1356 Alexandriam
748 1309 924 1356 reversi
951 1319 1080 1356 sunt.
1108 1309 1339 1356 Praesatus
1365 1329 1482 1376 papa
1506 1313 1610 1377 epi—

182 1402 351 1451 scopos
380 1402 440 1433 xt,
473 1397 521 1433 et
555 1402 603 1434 v1
641 1386 907 1442 ordinavit,
949 1397 996 1433 et
1029 1386 1153 1451 apud
1189 1386 1383 1435 beatum
1417 1389 1613 1437 Petrum

183 1473 253 1511 v1⁰
276 1464 369 1511 kal.
385 1464 495 1528 julii
512 1465 722 1528 sepultus
741 1475 829 1522 est,
853 1475 900 1512 et
919 1465 1113 1512 cessavit
1129 1466 1425 1530 episcopatus
1438 1468 1615 1515 mensi-

182 1539 272 1588 bus
297 1558 349 1589 111
383 1541 550 1590 diebus
573 1559 652 1589 xv.
683 1543 822 1589 Tunc
855 1542 1082 1590 inauditae
1112 1542 1288 1607 pluviae
1320 1555 1366 1591 et
1401 1545 1614 1592 tonitrua

182 1619 407 1678 fuerunt,
434 1621 675 1687 legumina
700 1620 860 1686 colligi
891 1622 1213 1686 nequiverunt
1223 1641 1236 1678 3
1265 1621 1343 1670 sed
1369 1622 1463 1669 alio
1487 1640 1615 1670 anuo

185 1710 356 1763 sponte
382 1709 543 1747 renata
569 1709 682 1746 sunt
702 1699 796 1762 (2).

252 1776 421 1823 Donus
459 1776 730 1830 Romanus,
772 1792 827 1821 ex
863 1786 999 1839 patre
1036 1775 1296 1831 Mauricio,
1332 1775 1452 1823 sedit
1487 1794 1616 1824 anno

234 2017 286 2061 (i)
311 2012 376 2060 (50
398 2013 518 2060 juillet
535 2012 671 2062 657-‘27
685 2011 827 2058 janvier
847 2011 946 2060 672.)
973 2013 1166 2058 Signa-usis
1183 2013 1326 2059 signifie
1347 2014 1546 2061 originaire
1569 2015 1615 2051 de

190 2075 299 2122 Segni
320 2086 365 2108 en
380 2072 591 2120 Cainpanie.
612 2071 715 2106 Eous
730 2083 838 2105 avons
855 2070 935 2117 ‹lt-ja
955 2071 1053 2118 parltss¹
1067 2071 1130 2106 des
1147 2071 1360 2119 spoliations
1374 2076 1539 2109 exercees
1552 2087 1616 2121 par

190 2135 370 2170 Constant
390 2133 424 2167 11
449 2134 508 2176 (et
534 2144 607 2166 non
632 2143 694 2178 pas
712 2131 970 2176 Constantini),
997 2130 1158 2178 lorsqu'il
1184 2132 1287 2167 visita
1315 2131 1431 2167 Rome
1453 2147 1498 2168 en
1525 2133 1613 2179 665,

191 2195 295 2242 apres
319 2193 419 2228 avoir
441 2205 486 2227 en
512 2191 595 2226 css'ct
619 2192 756 2237 assiegir
781 2190 1014 2226 inutilenwnt
1036 2191 1213 2226 Romoald
1238 2191 1326 2226 dans
1353 2192 1545 2228 {senex-ent.
1569 2195 1617 2229 Le

192 2266 419 2303 personnage
442 2264 514 2299 que
538 2258 645 2286 notre
669 2257 799 2286 auu-ur
817 2257 901 2284 veut
929 2250 1101 2297 designet·
1124 2264 1189 2299 pai·
1209 2251 1241 2285 le
1270 2264 1354 2286 nom
1381 2251 1425 2286 (le
1450 2253 1616 2288 Mezenco

191 2313 379 2361 s'appelait
406 2311 547 2354 Mizizi,
581 2317 618 2344 et
652 2310 706 2344 sut
741 2310 863 2344 reveni
892 2309 937 2344 de
964 2310 996 2367 la
1024 2323 1183 2357 pourpre
1211 2310 1349 2357 malgre
1373 2311 1424 2345 lui
1454 2311 1615 2358 pendant

190 2373 367 2423 quelques
392 2371 580 2406 svmaines.
607 2370 672 2404 Les
697 2370 899 2413 Sarrasins,
923 2369 986 2418 qui
1005 2372 1147 2406 avaient
1164 2371 1245 2417 dvjii
1262 2372 1393 2406 envahi
1407 2384 1479 2407 une
1498 2374 1614 2420 partio

190 2433 236 2468 de
254 2431 286 2467 la
307 2430 413 2467 filcile
432 2443 477 2464 en
500 2426 590 2471 665,
612 2427 755 2475 prircnt
773 2435 810 2463 et
828 2429 999 2476 pilli·rcnt
1018 2430 1193 2476 Syracuse
1208 2441 1289 2464 vers
1304 2429 1392 2478 673,
1412 2437 1449 2465 et
1466 2443 1611 2478 empor-

191 2494 311 2528 terent
328 2494 346 2527 a
365 2489 584 2527 Alexandru-
600 2494 679 2523 tout
698 2488 837 2522 l'airain
855 2488 947 2523 dont
964 2489 1142 2525 Constant
1159 2490 1253 2525 avait
1267 2489 1452 2536 depouille
1463 2490 1514 2524 les
1533 2503 1611 2524 mo-

192 2560 365 2590 numents
380 2551 426 2586 de
447 2551 576 2586 Rome.

238 2615 289 2659 (¹2)
313 2614 372 2658 (22
390 2611 479 2646 avril
496 2611 666 2659 672-Juin
691 2609 791 2658 676.)
817 2610 868 2644 ce
894 2610 950 2643 lut
974 2609 1193 2645 Constantin
1221 2609 1385 2656 Pogonat
1412 2610 1473 2656 qni
1502 2610 1569 2644 mit
1593 2612 1611 2644 Ξι

192 2681 291 2709 mort
317 2672 456 2715 Mizizi,
487 2671 577 2706 ainsi
602 2683 672 2719 que
699 2670 749 2704 les
774 2669 988 2704 meurtricrs
1020 2668 1064 2702 dt·
1091 2680 1156 2703 son
1182 2669 1280 2715 perc.
1311 2669 1410 2703 Nous
1438 2669 1611 2715 ignei-ons

193 2734 374 2783 pom-quoi
395 2740 499 2768 notre
516 2739 647 2768 auteur
667 2730 788 2767 donne
801 2732 820 2766 ἐι
839 2742 896 2765 ces
916 2729 1081 2765 derniers
1096 2729 1128 2765 la
1145 2729 1390 2777 qualification
1407 2728 1452 2763 dc
1467 2728 1585 2776 juges,
