1738 3043
596 222 746 261 LlBER
778 222 1056 261 SECtNsz'.
1462 226 1530 263 '22l

121 303 234 351 dens
254 305 511 350 Dominum
535 301 834 366 glorificavit.
856 303 999 363 Quod
1019 302 1179 347 videns
1202 301 1403 366 populus
1420 338 1431 357 ‚
1454 304 1537 348 ad-

120 381 295 426 mirans
332 380 572 444 lycaonice
605 377 726 423 dixit
756 395 764 420 τ
803 377 892 421 Dii
928 378 1104 422 similes
1135 381 1264 435 sacti
1295 378 1536 424 hominum

121 458 466 504 descenderunt
487 457 557 502 ad
585 473 694 509 nos,·
722 464 768 501 et
794 454 1025 501 vocabant
1052 455 1313 503 Bal-naham
1339 458 1503 508 Jovem
1518 494 1532 514 ,

125 535 317 580 l’aulnm
342 552 454 581 vero
483 532 791 580 Mercurium.
813 530 1063 578 Sacerdote
1087 550 1279 596 quoque
1309 535 1461 591 Jovis‚
1490 547 1536 582 et

121 613 299 678 populo
321 613 410 659 illis
428 611 687 659 sacrificare
704 609 975 657 volentibus
989 646 1001 666 ,
1024 611 1223 674 apostoli
1245 616 1463 676 protinus
1485 615 1534 659 in

121 691 281 738 turbas
321 691 601 746 exilierunt,
639 689 916 753 tunicasque
951 705 1053 734 suas
1092 689 1452 747 consciderunt,
1489 703 1535 738 et

122 768 379 816 humilibus
402 766 558 815 verbis
582 766 796 814 miraculi
824 765 1026 831 gloriam
1045 765 1102 812 ad
1124 767 1383 813 Dominum
1410 778 1536 814 retu-

123 848 305 904 lerunt,
333 864 523 911 seseque
552 844 856 892 humiliantes
873 883 884 904 ,
908 862 967 891 ne
992 842 1183 893 sibimet
1208 844 1534 901 immolarent,

122 926 199 971 vix
225 923 382 971 turbas
403 923 702 971 sedaverunt.
732 920 1188 987 Supervenientibus
1208 921 1266 968 ab
1285 921 1537 971 Antiochia

121 1014 166 1050 et
200 1003 363 1050 leonio
393 1001 593 1059 Judaeis,
628 1000 784 1047 turbae
815 1017 1046 1065 persuasae
1076 1000 1274 1046 Paulum
1299 1000 1538 1065 lapidave-

121 1091 260 1136 runt,
299 1091 346 1127 et
377 1089 508 1127 extra
541 1079 802 1134 civitatem,
832 1077 1119 1124 aestimantes
1155 1095 1265 1124 eum
1290 1089 1536 1126 mortuum

123 1176 244 1214 esse,
275 1167 539 1205 traxerunt.
577 1155 994 1202 circumdantibus
1015 1174 1123 1202 eum
1149 1155 1414 1220 discipulis,
1438 1175 1539 1203 sur-

119 1253 234 1299 gens
261 1235 457 1282 intravit
479 1235 526 1280 in
547 1234 787 1281 civitatem
801 1270 814 1290 ,
842 1244 888 1281 et
906 1243 1092 1298 postera
1111 1233 1185 1280 die
1207 1233 1450 1298 profectus
1470 1246 1539 1282 est

123 1315 169 1360 in
197 1313 404 1361 Del-hen.
433 1313 612 1360 Deinde
636 1311 778 1360 ambo
802 1313 973 1359 reversi
1001 1323 1113 1358 sunt
1132 1316 1349 1378 Lystram
1375 1323 1421 1361 et
1444 1316 1540 1361 lco-

122 1392 282 1447 nium,
309 1389 615 1440 Antiochiam
640 1401 686 1437 et
709 1390 928 1436 Pisidiam
945 1426 956 1446 ,
988 1401 1035 1437 et
1059 1389 1259 1437 verbum
1278 1392 1388 1438 vitae
1411 1410 1540 1456 prae—

122 1470 423 1524 dicaverunt,
451 1469 725 1533 animasque
743 1468 1089 1532 discipulorum
1108 1468 1406 1516 exhortando
1431 1487 1543 1517 eon-

123 1548 435 1596 firmaverunt
452 1584 465 1603 ,
514 1558 560 1595 et
603 1566 686 1611 per
730 1547 935 1612 singulas
982 1547 1193 1594 ecclesias
1239 1542 1542 1614 presbyteros

123 1627 478 1673 constituerunt
492 1661 505 1682 ,
533 1642 707 1690 eosque
727 1626 939 1672 Domino
964 1643 1073 1672 cum
1090 1626 1283 1689 jejuniis
1302 1637 1349 1673 et
1367 1627 1544 1674 oratio-

124 1704 262 1751 nibus
301 1704 773 1752 commendaverunt.
813 1704 884 1751 De
920 1703 1197 1769 Pamphylia
1236 1704 1283 1750 in
1319 1704 1543 1751 Attaliam

123 1783 493 1838 descenderunt,
521 1792 567 1829 et
594 1781 703 1828 inde
727 1781 1034 1828 Antiochiam
1058 1781 1400 1845 navigaverunt
1418 1783 1507 1846 (1).

190 1860 258 1906 lbi
283 1859 364 1906 diu
391 1877 499 1905 cum
526 1859 766 1922 discipulis
792 1859 964 1906 morati
998 1870 1126 1904 sunt.
1154 1860 1293 1905 Tunc
1317 1859 1542 1923 quidam,

124 1939 204 2003 qui
231 1938 287 1985 de
314 1937 473 1983 Judaea
503 1936 869 1991 descenderant,
899 1935 1201 1999 credentibus
1236 1954 1289 1982 ex
1324 1936 1544 1999 gentibus

124 2015 397 2062 eircumcidi
426 2025 473 2061 et
492 2012 742 2061 observare
764 2013 913 2077 legem
934 2012 1088 2077 Moysi
1115 2011 1388 2059 suadebant.
1417 2014 1543 2060 Pau-

127 2095 196 2140 lus
220 2106 266 2141 et
292 2093 528 2140 Barnabas
559 2093 648 2138 illis
677 2090 1048 2139 contradicendo
1072 2091 1379 2147 restiterunt,
1407 2109 1544 2138 com-

127 2172 358 2236 munique
379 2170 571 2217 decreto
596 2186 684 2234 pro
712 2169 795 2215 hac
824 2169 1088 2233 quaestione
1113 2167 1468 2215 determinanda
1495 2170 1542 2215 in

125 2249 381 2295 Jerusalem
400 2247 457 2294 ad
476 2247 714 2311 apostolos
730 2256 776 2293 et
795 2245 1099 2311 presbyteros
1119 2245 1244 2291 missi
1262 2255 1390 2292 sunt.
1410 2246 1547 2293 Phoe-

129 2327 280 2373 nicem
301 2336 347 2373 et
363 2326 620 2372 Samariam
638 2334 1040 2389 pertranseuntes,
1059 2325 1420 2371 conversionem
1438 2342 1548 2389 gen-

132 2404 250 2449 tium
291 2401 571 2458 narrabant,
609 2412 656 2448 et
694 2419 919 2465 magnum
959 2401 1141 2448 cunctis
1178 2400 1404 2447 fratribus
1433 2419 1546 2466 gau-

131 2481 263 2527 dium
284 2479 532 2527 faciebant.
556 2480 865 2543 Jerosolymis
884 2491 1042 2526 autem
1058 2479 1116 2525 ab
1136 2479 1324 2527 ecclesia
1345 2484 1544 2544 suscepti

181 2730 229 2761 (ιῖ
258 2730 341 2764 Acl.
358 2737 475 2774 ulmal.
500 2742 568 2770 xw,
591 2727 687 2778 ῖ-ῚῙ).
711 2727 862 2769 “ij-silli
