1738 3043
219 293 291 328 1:22
580 288 818 327 HISTORIA
847 287 1246 327 ECCLESIASTICA.

215 371 446 416 immenso
489 368 697 414 exercitu
741 367 1208 431 Constantinopolim
1250 368 1584 415 convenientes
1601 401 1618 424 ,

215 448 423 493 triennio
447 445 685 492 civitatem
709 444 951 501 obsident,
992 445 1143 492 donec
1167 444 1346 492 civibus
1369 445 1516 492 multa
1542 446 1622 505 in7

215 524 382 570 stantia
406 523 462 568 ad
492 523 755 570 Dominum
779 522 1089 569 clamantibus
1105 559 1116 579 ,
1144 523 1338 587 plurimi
1363 540 1527 570 eorum
1551 521 1624 568 fa-

216 620 314 657 me,
343 600 549 665 frigore,
589 600 945 665 pestilentiaque
979 601 1220 664 perirent,
1253 617 1304 646 ac
1337 601 1402 646 sic
1436 599 1622 664 pertaesi

215 678 475 727 obsidionis
495 677 813 725 abscederent.
839 679 1045 744 Regressi
1069 678 1107 725 V
1113 677 1386 742 ulgarorum
1404 687 1620 742 gentem,

216 776 323 822 quae
356 774 496 821 super
520 755 791 802 Danubium
816 766 910 813 est,
947 755 1075 802 bello
1100 755 1439 820 aggrediuntur
1456 790 1468 811 ,
1495 764 1543 801 et
1565 753 1624 800 ab

218 835 301 881 hac
325 851 515 899 quoque
546 833 657 879 x·icti
689 833 959 896 refugiunt,
997 850 1049 878 ac
1079 850 1218 878 naves
1248 850 1350 878 suas
1381 841 1622 895 repetunt.

218 911 427 972 Quibus,
456 928 563 957 cum
585 910 733 956 altum
758 901 974 973 peterent
991 945 1004 966 ,
1045 911 1294 974 ingruente
1317 909 1471 955 subita
1506 918 1627 955 tem-

218 999 393 1054 pestate
418 988 610 1052 plurimi
646 988 786 1034 etiam
820 989 988 1044 mersi,
1017 988 1112 1035 sive
1145 987 1398 1034 confractis
1430 1004 1515 1051 per
1547 986 1628 1032 lit-

220 1081 320 1114 tora
353 1065 550 1112 navibus
586 1074 697 1110 sunt
726 1065 896 1111 necati.
933 1064 1286 1128 Liutliprandus
1319 1082 1401 1112 rex
1437 1063 1628 1111 audiens

219 1144 347 1210 quod
371 1143 640 1198 sarraceni,
667 1141 947 1206 depopulata
979 1142 1215 1199 Sardinia,
1245 1143 1384 1189 etiam
1410 1142 1509 1189 loca
1535 1141 1628 1187 foe-

219 1223 388 1268 darent
412 1220 487 1266 illa
503 1256 514 1276 ,
542 1218 623 1265 ubi
650 1237 747 1266 ossa
770 1220 915 1265 sancti
936 1219 1183 1284 Augustini
1206 1219 1411 1283 episcopi
1429 1228 1629 1282 propter

219 1298 532 1344 vastationem
564 1295 878 1343 barbarorum
910 1296 1027 1343 olim
1062 1296 1310 1352 translata,
1347 1305 1395 1343 et
1427 1294 1630 1342 honori-

221 1375 307 1422 fice
331 1374 522 1422 fuerant
544 1373 732 1421 condita
749 1409 762 1430 ,
789 1374 944 1430 misit,
973 1384 1020 1420 et
1039 1373 1149 1421 dato
1173 1390 1344 1438 magno
1367 1373 1523 1437 pretio
1553 1389 1631 1418 ac-

222 1454 371 1517 cepit,
399 1470 543 1516 eaque
569 1453 615 1498 in
647 1452 825 1498 Ticinis
851 1451 1122 1508 transtulit,
1146 1450 1304 1516 ibique
1319 1468 1428 1498 cum
1447 1450 1629 1498 honore

223 1539 356 1576 tanto
380 1529 501 1593 patri
527 1527 689 1574 debito
714 1528 926 1574 condidit
947 1529 1039 1591 (1).

289 1604 472 1652 XXW.
512 1605 614 1669 Huc
650 1621 797 1668 usque
834 1603 1261 1668 chronographiam
1284 1604 1469 1668 Anglici
1498 1602 1635 1665 Bedae

224 1834 318 1870 Bede
336 1833 425 1867 dans
450 1832 482 1866 le
502 1831 615 1867 calcul
634 1831 696 1865 des
714 1833 844 1865 annees
864 1831 908 1866 de
927 1832 1023 1865 Leon
1046 1830 1251 1874 l'Isaurien,
1272 1843 1351 1866 sans
1374 1832 1543 1866 re'ssechir
1560 1844 1632 1880 que

222 1891 426 1927 l'historien
446 1889 600 1935 anglais,
622 1895 718 1922 mort
737 1901 782 1922 en
802 1887 887 1936 755,
908 1889 1037 1923 n'avait
1054 1901 1103 1935 pu
1117 1888 1239 1923 voirla
1258 1889 1307 1923 fin
1323 1888 1372 1923 du
1388 1890 1499 1936 regne
1512 1889 1557 1924 de
1575 1897 1634 1925 cet

223 1962 426 1998 ernpereur.
443 1950 493 1984 Ce
511 1947 638 1983 chiffre
657 1947 701 1981 de
720 1947 810 1982 neus
832 1960 894 1982 ans
912 1960 1003 1983 nous
1020 1947 1170 1995 indique
1195 1960 1266 1995 que
1286 1947 1380 1983 Bede
1395 1950 1550 1984 termina
1567 1961 1631 1984 son

222 2011 330 2046 traite
349 2010 405 2044 De
425 2021 492 2042 sex
511 2007 700 2042 xEtalibus
725 2006 854 2040 mundi
876 2019 956 2041 vers
983 2006 1051 2056 726
1077 2019 1125 2041 ou
1150 2019 1235 2055 727,
1262 2013 1299 2042 et
1326 2019 1391 2054 par
1409 2009 1633 2055 consequent

222 2077 351 2119 quatre
371 2081 419 2104 ou
438 2069 523 2114 cinq
544 2079 606 2101 ans
626 2074 730 2101 avant
749 2079 813 2101 son
833 2066 992 2101 Histoire
1010 2067 1280 2113 eccleffsiastique
1299 2065 1408 2114 (731).

269 2132 317 2165 La
330 2129 514 2164 troisieme
533 2129 646 2161 annee
666 2126 711 2161 de
732 2127 828 2161 Leon
846 2126 1033 2161 l’Isaurien
1053 2125 1253 2173 coniprend
1269 2125 1398 2173 depuis
1418 2125 1450 2161 le
1469 2125 1512 2161 25
1537 2139 1632 2162 mars

225 2202 293 2239 7¹9
312 2189 482 2236 jusqu'au
508 2190 552 2229 24
578 2199 672 2221 mars
698 2199 787 2235 7203
808 2198 868 2230 or,
891 2186 976 2221 c'est
993 2199 1039 2221 en
1064 2185 1130 2234 715
1153 2198 1224 2233 que
1251 2186 1401 2221 Charles
1424 2186 1554 2222 Martel
1576 2187 1633 2222 sut

224 2249 370 2283 nomme
389 2247 459 2281 duc
477 2245 718 2288 d’Austrasie‚
739 2245 770 2279 le
787 2256 823 2279 21
848 2257 943 2279 mars
962 2257 1028 2292 7¹7
1045 2244 1133 2291 qu’il
1152 2244 1260 2279 battit
1277 2244 1472 2291 Ragensroi
1486 2248 1506 2281 ὲ
1521 2246 1631 2283 Vinci

223 2319 268 2341 en
282 2304 506 2346 cambresis,
522 2310 559 2337 et
576 2315 622 2337 en
640 2306 708 2349 724
727 2302 813 2349 qu'il
832 2302 1012 2348 l⁷assiegea
1029 2302 1117 2336 dans
1132 2303 1285 2349 Angers.

269 2365 319 2408 (1)
345 2363 392 2396 be
419 2362 516 2406 siege
541 2360 586 2394 de
612 2359 912 2406 Constantinople
942 2372 986 2394 ne
1018 2359 1108 2394 dura
1136 2360 1248 2407 qu’un
1276 2373 1321 2394 an
1345 2358 1405 2404 (15
1431 2361 1517 2396 aofit
1543 2373 1630 2410 717*

230 2421 267 2457 15
287 2420 373 2455 aout
392 2419 485 2467 718).
515 2419 610 2452 Dans
633 2417 771 2460 l'hivw,
793 2417 824 2451 la
841 2424 937 2453 terre
954 2418 1008 2452 sut
1028 2425 1196 2453 couverte
1214 2418 1258 2453 de
1279 2419 1394 2466 glaces
1408 2426 1444 2455 et
1465 2419 1511 2455 de
1526 2421 1632 2467 neige

223 2482 357 2517 durant
374 2485 457 2513 cent
474 2477 534 2511 dix
548 2477 662 2522 joui-s.
684 2478 733 2513 Oe
752 2477 871 2511 surent
890 2477 938 2512 les
958 2478 1130 2525 Bulgares
1147 2479 1210 2526 qui
1229 2480 1463 2526 attaquerent
1478 2479 1528 2514 les
1546 2480 1630 2515 Sar-

225 2540 339 2576 rasins
353 2549 396 2571 au
413 2542 575 2570 moment
592 2537 638 2570 ou
663 2535 705 2570 ils
727 2536 879 2571 levaicnt
902 2537 934 2572 le
954 2538 1062 2583 siege.
1084 2539 1130 2572 La
1149 2538 1306 2584 tempete
1328 2538 1384 2573 fut
1408 2538 1437 2573 si
1459 2538 1628 2582 terrible,

224 2598 311 2647 qu'il
333 2609 376 2631 ne
394 2602 514 2630 renti-a
526 2623 534 2637 ,
554 2594 696 2638 dit-on,
717 2595 762 2630 de
779 2602 879 2631 toute
894 2596 927 2631 la
946 2597 1046 2632 flotte
1059 2625 1068 2639 ‚
1085 2610 1156 2644 que
1175 2598 1258 2645 cinq
1276 2598 1457 2633 vaisseaux
1473 2598 1562 2633 dans
1582 2598 1631 2634 les

226 2663 326 2705 ports
345 2653 390 2688 de
418 2653 532 2699 Syrie.
563 2654 607 2687 La
633 2653 847 2689 translation
874 2654 936 2690 des
962 2655 1119 2702 reliques
1145 2655 1189 2689 (le
1216 2656 1310 2690 saint
1333 2656 1515 2703 Augustin
1543 2656 1632 2691 dans

226 2714 360 2761 l'e'glise
384 2712 631 2747 saint-pierre
654 2711 699 2747 de
718 2713 842 2757 Pavie,
869 2727 933 2761 par
953 2715 984 2749 le
1008 2715 1061 2749 roi
1087 2714 1304 2761 Liutprand,
1332 2715 1448 2761 parait
1470 2716 1569 2752 avoir
1585 2727 1631 2751 eu

228 2775 297 2811 lieu
317 2785 361 2807 en
381 2782 459 2820 722.
