1738 3043
623 237 775 275 LlBER
806 238 1014 276 PRIMUS.
1476 245 1525 279 67

113 320 170 366 de
196 336 252 366 eo
274 318 354 382 qui
379 317 521 364 servis
545 316 638 361 suis
664 315 788 362 bona
808 333 887 361 sua
914 315 1108 364 tradidit
1133 327 1181 364 et
1203 334 1397 382 peregre
1420 336 1529 383 pro-

114 397 264 444 fectus
292 405 388 452 est3
419 393 476 441 de
503 392 708 440 adventu
732 392 840 439 Filii
870 392 1078 441 hominis
1103 395 1151 442 in
1179 398 1419 460 majestate
1447 416 1527 443 sua

114 490 225 520 cum
249 471 424 537 angelis
453 471 575 526 suis;
611 468 668 516 de
691 470 1013 534 segregatione
1043 472 1207 519 ovium
1231 491 1254 518 a
1279 473 1457 520 dextris
1484 486 1531 521 et

115 549 363 597 haedorum
395 566 418 594 a
442 547 667 603 sinistris;
696 545 754 593 de
781 546 1103 595 retributione
1125 549 1449 612 reproborum
1483 551 1531 598 in

115 627 398 692 supplicium
436 636 672 672 aeternum
702 634 749 671 et
785 626 1173 673 remuneratione
1204 629 1447 690 justorum
1484 631 1530 675 in

116 706 260 751 vitam
284 715 512 751 aeternam
535 703 884 749 consummavit
908 704 1000 767 (1).

181 780 314 829 XVI.
334 781 490 827 Prima
509 780 585 828 die
610 798 887 846 azymorum
909 792 1208 829 accesserunt
1230 783 1450 848 discipuli
1479 785 1536 831 ad

114 861 292 917 Jesum,
314 858 524 907 dicentes
546 880 555 906 :
580 859 675 906 Ubi
698 861 773 906 vis
791 877 1019 925 paremus
1041 860 1129 906 tibi
1145 862 1392 909 comedere
1413 864 1538 910 Pas-

117 937 250 986 cha?
272 938 336 985 At
369 938 466 1002 ipse
497 937 618 984 dixit
641 939 784 986 Petro
810 949 858 985 et
889 939 1062 985 Joanni
1092 958 1099 983 :
1127 940 1200 986 Ite
1225 941 1275 986 in
1300 942 1538 988 civitatem

117 1016 188 1063 ad
211 1016 485 1081 quemdam,
514 1034 654 1081 quem
676 1016 815 1064 vobis
846 1016 1234 1064 demonstraverit
1259 1019 1425 1078 homo,
1458 1023 1543 1085 qui

116 1092 254 1140 vobis
289 1094 548 1140 occurrerit
581 1093 810 1158 lagenam
841 1112 984 1158 aquce
1007 1106 1231 1160 portans.
1269 1095 1543 1160 Sequimini

118 1189 226 1217 eum
250 1173 300 1218 in
322 1170 518 1217 domum
538 1172 587 1217 in
615 1190 760 1236 quam
790 1174 966 1230 intrat,
1000 1186 1043 1218 et
1065 1172 1237 1220 dicetis
1249 1177 1390 1240 patri
1410 1177 1542 1221 ami-

119 1249 214 1296 lias
225 1250 424 1295 domus:
449 1249 626 1296 Ifbiest
645 1250 976 1309 diversorium,
1005 1250 1090 1297 ubi
1104 1251 1303 1298 Pascha
1319 1271 1428 1299 cum
1440 1252 1542 1299 dis—

119 1328 295 1394 cipulis
319 1330 437 1375 meis
466 1328 795 1375 manducem?
821 1330 890 1375 Et
915 1331 1018 1394 ipse
1042 1329 1178 1376 vobis
1207 1329 1424 1376 ostendet
1448 1348 1543 1376 coe-

118 1404 347 1451 naculum
385 1422 615 1469 magnum
653 1416 881 1463 stratum,
923 1416 966 1451 et
1004 1404 1072 1452 ibi
1097 1417 1294 1471 parate.
1336 1407 1540 1464 Euntes‚

120 1482 243 1529 sicut
260 1482 382 1530 dixit
402 1482 493 1529 illis
513 1484 826 1540 invenerunt,
850 1494 898 1532 et
917 1481 1089 1530 Pascha
1107 1495 1414 1547 paraverunt.
1433 1484 1546 1532 Ves-

119 1579 232 1626 pere
268 1561 420 1619 facto,
462 1580 573 1609 cum
610 1579 678 1609 xu
718 1563 873 1619 venit,
913 1573 960 1609 et
999 1561 1412 1610 discumbentibus
1454 1562 1545 1608 illis

118 1639 241 1686 dixit
270 1660 280 1686 :
314 1639 570 1687 Desiderio
599 1640 876 1688 desideravi
897 1640 989 1687 lzoc
1017 1639 1222 1686 Pasclza
1243 1640 1546 1687 manducare

119 1718 371 1765 vobiscum
405 1729 667 1783 antequam
694 1720 885 1784 patiar.
924 1719 1053 1764 Dico
1086 1718 1213 1764 enim
1248 1717 1386 1764 vobis
1427 1719 1546 1783 quia

122 1812 183 1841 ex
219 1795 311 1842 lzoc
343 1813 437 1841 non
475 1795 786 1842 manducabo
822 1795 970 1852 illud,
1012 1795 1167 1842 donec
1201 1795 1461 1859 impleatur
1496 1796 1547 1840 in

123 1890 270 1937 regno
294 1874 387 1919 Dei
406 1874 500 1936 (2).
525 1872 796 1919 Secundum
816 1873 1075 1928 Joannem,
1098 1889 1236 1919 coena
1261 1872 1408 1928 facta,
1437 1889 1546 1917 cum

124 1950 340 1999 diabolus
371 1953 468 2014 jam
501 1951 701 1997 misisset
741 1951 788 1995 in
822 1967 907 1996 cor
943 1960 996 1995 ut
1032 1949 1238 1996 traderet
1268 1967 1377 1995 eum
1406 1948 1547 1994 Judas

126 2028 334 2075 Simonis
360 2027 640 2084 Scariothis;
676 2027 826 2073 sciens
854 2027 965 2092 quia
994 2026 1154 2073 omnia
1180 2025 1310 2073 dedit
1340 2026 1380 2072 ei
1414 2035 1549 2090 pater

127 2106 177 2152 in
203 2124 397 2165 manus,
424 2116 471 2152 et
492 2106 602 2170 quia
626 2123 648 2150 a
674 2106 778 2152 Deo
797 2105 944 2151 exivit
961 2115 1008 2151 et
1027 2103 1083 2151 ad
1102 2105 1366 2151 Dominum
1393 2103 1546 2160 vadit,

127 2185 279 2250 surgit
307 2201 332 2230 a
360 2200 500 2231 coena
531 2194 578 2231 et
602 2183 740 2248 ponit
764 2183 1045 2230 vestimenta
1074 2200 1172 2228 sua.
1201 2184 1265 2229 Et
1294 2199 1405 2228 cum
1430 2198 1553 2228 acce·

127 2262 272 2326 pisset
295 2261 497 2309 linteum
514 2297 527 2319 ‚
555 2261 810 2325 praecinxit
833 2278 897 2307 se.
926 2258 1107 2306 Deinde
1130 2260 1284 2305 mittit
1306 2276 1476 2324 aquam
1503 2258 1551 2304 in

133 2339 305 2404 pelvim
324 2375 337 2397 ‚
369 2349 416 2387 et
443 2339 594 2404 coepit
614 2339 766 2386 lavare
785 2337 926 2403 pedes
952 2336 1298 2402 discipulorum
1330 2346 1378 2383 et
1401 2345 1555 2382 exter-

132 2433 241 2481 gere
257 2416 407 2464 linteo
422 2454 434 2477 ,
451 2433 549 2481 quo
567 2426 667 2463 erat
684 2415 987 2480 praecinctus.
1010 2415 1270 2479 Postquam
1287 2412 1403 2459 lavit
1417 2411 1557 2476 pedes

135 2511 304 2542 eorum
339 2505 386 2542 et
420 2495 600 2559 accepit
639 2494 918 2541 vestimenta
963 2510 1073 2550 sua,
1121 2509 1230 2538 cum
1266 2490 1559 2539 recubuisset

185 2688 235 2733 (ι)
260 2688 392 2723 Matth.
413 2699 508 2730 xxm,
528 2685 591 2729 32,
616 2685 683 2728 53;
703 2698 793 2728 xxv;
818 2686 905 2720 Luc.
927 2697 979 2719 xix
995 2713 1003 2728 ‚
1026 2686 1158 2733 11-27?
1177 2706 1214 2710 —
1233 2686 1283 2729 (2)
1303 2683 1434 2719 Manli.
1462 2692 1558 2721 xxvi.

149 2747 404 2794 17-20·.Marc.
428 2759 496 2787 xiv,
524 2758 649 2794 ¹2·¹73
672 2746 757 2780 Luc.
780 2757 844 2779 xxii
860 2774 867 2784 ,
889 2745 988 2793 7-ι6,
