1738 3043
125 190 201 229 -548
492 189 731 227 HISTORIA
764 188 1165 229 ECCLESIASTICA.

125 281 311 319 coactus
347 278 414 314 est
447 284 537 332 pro
570 278 742 314 sanctae
774 269 994 316 Ecclesiae
1028 269 1302 318 defensione
1336 269 1537 319 Galliam

124 347 269 393 adire.
297 345 523 409 Pippinus
542 362 654 392 vero
679 363 762 391 rex
788 362 894 391 cum
921 347 1110 393 Francis
1137 364 1245 393 eum
1276 345 1539 396 honorifice

124 424 348 487 suscepit,
375 432 422 469 et
447 420 651 469 hicmare
681 422 882 468 Parisius
915 422 968 469 ad
999 424 1223 470 Sanctum
1254 424 1539 490 Dionysium

123 501 252 548 fecit.
280 504 440 547 Postea
465 517 572 545 cum
600 500 809 546 exercitu
841 500 1088 548 Gallorum
1113 502 1302 566 Papiam
1325 500 1537 560 obsedit,

124 589 171 627 et
194 578 452 624 Aistulfum
480 578 705 624 Romanis
726 595 887 641 pacem
905 580 1066 641 jurare
1094 579 1264 642 coegit.
1293 578 1383 626 Sed
1405 590 1542 643 post-

123 675 265 723 quam
283 656 508 720 Pippinus
527 656 582 701 ad
601 674 679 702 sua
698 673 910 702 reversus
933 667 1026 713 cst,
1052 657 1286 703 Aistulfus
1308 659 1541 722 pejeratus

123 746 209 783 cst.
237 736 436 801 Romam
454 734 582 780 enim
609 750 656 781 1v
675 733 915 780 mensibus
939 733 1147 792 obsedit,
1176 746 1222 782 et
1240 735 1389 782 multa
1410 752 1543 799 sanc-

123 824 285 861 torum
325 829 525 875 corpora
563 811 789 858 effodiens
829 812 1058 858 cimiteria
1102 812 1314 859 violavit.
1362 800 1542 859 Iterum

123 893 377 957 Pippinus,
406 888 625 954 precibus
657 907 791 953 papae
815 889 1009 946 ductus,
1037 891 1224 954 Papiam
1251 889 1466 947 obsedit,
1496 900 1543 938 et

125 989 148 1016 a
189 972 380 1033 perjuro
417 968 690 1013 Ravennam
732 976 779 1013 et
813 965 1048 1013 Narnium
1093 984 1145 1012 ac
1178 966 1452 1013 Ariminum
1497 976 1544 1014 et

123 1047 272 1093 multa
292 1045 376 1090 alia
401 1062 507 1109 quae
535 1042 684 1089 ablata
704 1043 919 1101 fuerant,
939 1043 1078 1091 beato
1097 1045 1239 1091 Petro
1258 1043 1389 1091 reddi
1411 1061 1545 1092 com-

123 1125 264 1190 pulit.
293 1124 401 1171 Non
423 1123 577 1169 multo
595 1133 703 1186 post
722 1121 953 1168 Aistulfus
975 1123 1024 1168 in
1045 1133 1241 1182 venatu,
1263 1122 1428 1170 divino
1446 1123 1544 1169 ictu

124 1220 387 1269 percussus,
410 1219 492 1265 pei
498 1201 578 1259 iit,
601 1210 646 1247 et
667 1199 932 1247 Desiderius
949 1199 1044 1246 dux
1068 1218 1148 1264 rge
1155 1217 1270 1246 num
1288 1202 1384 1264 ejus
1410 1201 1546 1246 inva-

125 1283 202 1329 sit.
231 1279 495 1344 Stephanus
520 1296 637 1342 papa
662 1295 724 1324 xv
743 1278 986 1342 episcopos
1010 1295 1065 1325 οι
1056 1277 1276 1335 dinavit
1304 1296 1355 1324 ac
1383 1279 1547 1343 Pippi-

126 1378 244 1407 num
291 1376 448 1423 regem
494 1357 789 1403 Francorum
831 1367 972 1421 atque
1012 1355 1289 1402 Bertradam
1333 1357 1547 1421 reginam

127 1450 172 1485 ct
198 1437 319 1484 lilios
352 1453 517 1483 eorum
548 1434 775 1481 Karoluin
812 1444 858 1481 ct
892 1434 1272 1489 Karlomannum
1300 1451 1549 1482 consecra-

127 1517 212 1561 rit.
241 1514 420 1561 Deinde
446 1530 557 1559 vcro
579 1512 670 1558 kal.
699 1513 807 1557 maii
835 1512 890 1557 ad
917 1511 1103 1558 beatum
1136 1515 1328 1557 Petrum
1353 1522 1548 1575 aposto-

128 1593 226 1637 lum
252 1589 461 1653 sepultus
481 1597 576 1642 est,
608 1599 654 1633 ct
673 1588 864 1633 cessavit
890 1588 1184 1651 episcopatus
1208 1586 1372 1634 diebus
1392 1603 1423 1634 v
1449 1587 1542 1650 (ι).

194 1667 364 1714 Paulus
402 1667 668 1721 Romanus,
711 1664 936 1729 Stephani
972 1664 1145 1722 frater,
1190 1665 1308 1711 sedit
1341 1664 1477 1710 annis
1515 1681 1547 1710 x

127 1762 288 1793 mense
328 1760 360 1789 1.
398 1742 485 1788 Hic
520 1752 734 1805 tempore
767 1741 1069 1788 Constantini
1110 1751 1157 1787 et
1191 1741 1362 1787 Leonis
1399 1740 1548 1787 multa

128 1825 255 1872 bona
289 1831 509 1886 operatus
544 1830 628 1866 cst.
667 1820 929 1884 Episcopos
965 1835 1025 1865 Lx
1054 1818 1321 1877 o1dinavit,
1360 1829 1408 1866 et
1441 1828 1551 1883 post

129 1904 225 1966 ejus
251 1899 439 1946 obitum
474 1897 667 1943 ορεεεηίῑ
697 1897 991 1960 episcopatus
1023 1912 1150 1942 anno
1188 1912 1203 1942 1
1240 1906 1287 1942 et
1316 1912 1476 1943 mense
1506 1912 1545 1953 1,

130 1977 321 2044 quando
345 1975 684 2023 Constantinus
713 1984 757 2020 t1
760 1990 1028 2038 ansssressol
1056 1972 1365 2037 apostolicam
1393 1971 1549 2020 sedem

132 2057 301 2104 invasit
325 2054 418 2118 (2).

176 2220 227 2263 (ι)
254 2216 313 2260 (26
331 2226 426 2249 mars
450 2211 585 2261 752-25
611 2212 699 2247 avril
724 2211 821 2260 757.)
841 2213 983 2259 Voyez,
1006 2226 1068 2248 sur
1085 2212 1118 2247 lc
1142 2226 1275 2260 voyage
1298 2204 1490 2248 d'Etienne
1511 2213 1548 2248 II

131 2291 175 2312 en
194 2278 348 2317 Franco,
370 2272 565 2315 ci-dessus‚
588 2272 612 2306 l.
634 2284 663 2315 ι,
685 2284 719 2318 p.
747 2271 827 2314 154,
854 2279 938 2306 note
958 2284 987 2306 ιι.
1015 2275 1062 2307 Le
1084 2273 1242 2319 premier
1260 2273 1357 2320 sie'ge
1377 2272 1422 2307 de
1442 2272 1548 2307 Pavie

131 2345 193 2371 eut
217 2337 286 2370 lieu
307 2348 350 2368 cn
373 2332 438 2381 754
454 2361 462 2375 ‚
486 2333 519 2366 le
540 2333 636 2375 siege
655 2331 700 2365 de
721 2331 837 2365 Rome
856 2345 920 2378 par
938 2332 1076 2367 Astolsc
1097 2335 1116 2366 ξι
1141 2333 1255 2380 partit·
1272 2332 1322 2366 du
1345 2338 1390 2367 ιε’
1410 2330 1547 2376 janvier

133 2395 199 2446 755
212 2423 220 2437 ,
237 2401 272 2428 et
287 2394 319 2427 le
339 2391 471 2427 second
486 2392 582 2437 siege
600 2390 644 2425 de
659 2391 764 2425 I'avie
784 2391 872 2425 dans
890 2391 922 2425 lc
938 2399 1092 2427 courant
1105 2391 1150 2426 de
1168 2391 1200 2426 la
1219 2392 1337 2427 meme
1355 2391 1478 2425 annee.
1499 2390 1546 2424 Le

133 2455 285 2491 nombre
307 2453 369 2487 des
394 2451 509 2498 places
535 2451 736 2497 qu‘Astolse
762 2452 817 2486 sut
841 2451 963 2497 oblige
989 2451 1034 2486 dc
1061 2451 1169 2486 livi-ei·
1194 2463 1239 2486 au
1262 2462 1352 2497 pape
1379 2448 1503 2484 s'elcva
1527 2451 1548 2483 ἐι

133 2514 367 2562 vingt-deux,
390 2512 503 2559 parmi
521 2511 708 2558 lesquelles
731 2524 778 2546 on
799 2524 990 2558 rcmarque
1006 2511 1191 2553 Rwenne,
1215 2509 1372 2552 Rimini‚
1392 2509 1544 2554 Pesaro,

134 2577 251 2618 Fano,
268 2575 424 2613 cesi-nc,
441 2571 656 2617 Sinigaglia,
682 2571 796 2613 Forli,
813 2572 1033 2606 Comacchio
1051 2578 1088 2606 et
1106 2571 1232 2605 marni.
1251 2569 1302 2604 Ce
1320 2569 1374 2603 roi
1397 2577 1547 2605 mourut

133 2642 169 2670 ct
188 2636 242 2667 sut
260 2631 439 2677 remplace
459 2642 521 2676 par
541 2629 573 2663 lc
593 2630 664 2665 duc
682 2630 809 2665 Didier
826 2643 871 2664 au
887 2635 1199 2665 commencement
1216 2628 1261 2662 dc
1280 2626 1357 2675 756.

181 2693 231 2735 (v.)
256 2693 316 2736 (29
334 2689 403 2723 mai
422 2686 646 2736 757-28juin
668 2688 763 2735 767.)
782 2689 829 2722 Le
848 2688 1035 2734 pontificat
1048 2686 1093 2721 de
1111 2698 1150 2720 ce
1166 2698 1257 2732 pape
1277 2685 1333 2720 n'a
1347 2686 1452 2732 point
1467 2697 1546 2721 cor-
