1738 3043
173 226 225 260 50
535 216 779 256 HISTORIA
810 214 1211 254 ECCLESIASTICA.

172 301 228 347 do.
252 297 475 346 exteriori
498 295 800 360 baptismate,
829 294 943 340 dum
968 293 1196 339 interiora
1215 290 1432 338 sordibus
1447 291 1587 338 scele-

174 395 278 423 rum
299 375 434 439 plena
459 374 580 429 sint,
601 372 807 428 notavit,
831 381 877 418 et
899 388 969 416 vae
987 370 1132 416 sexies
1151 368 1392 433 pharisaeis
1407 367 1585 424 dicens,

175 454 322 501 multa
339 469 506 499 corum
523 449 645 496 mala
663 448 849 497 coaddit
865 448 959 512 (1).
984 447 1237 512 Discipulis
1255 462 1446 511 quoque
1462 462 1591 510 prae-

177 533 294 596 cipit
321 549 344 577 a
369 529 609 577 fermento
633 527 897 593 hypocrisis
923 542 1111 582 cavere,
1138 535 1185 571 et
1210 541 1288 571 eos
1311 524 1393 588 qui
1419 539 1591 588 corpus

178 609 403 656 occidunt
427 625 526 654 non
552 616 792 662 metuere;
821 622 907 652 nec
930 604 975 650 in
999 603 1352 668 persecutione,
1380 600 1498 666 quid
1517 600 1594 647 lo—

179 687 335 734 cuturi
364 687 486 743 sint,
517 685 724 750 cogitare
743 685 835 747 (2).

243 766 439 812 Petente
476 762 684 829 quodam
727 763 851 809 inter
886 779 933 808 se
965 771 1011 808 et
1045 759 1244 806 fratrem
1276 775 1415 805 suum
1448 755 1594 804 dividi

182 841 526 896 haereditatem,
547 838 819 904 parabolam
840 838 977 902 ponit
995 837 1051 884 de
1069 836 1215 883 divite
1237 851 1395 882 avaro.
1420 834 1532 889 Mox
1551 843 1599 880 et

181 919 422 984 discipulis
463 916 833 965 sollicitudinem
872 914 964 961 cibi
1004 914 1263 978 vestisque,
1306 929 1397 978 qua
1437 920 1599 957 carent

183 1016 313 1053 aves,
343 996 562 1061 praecipit
598 994 864 1042 evitandam
889 993 983 1057 (3).
1021 992 1198 1039 Pusillo
1234 991 1364 1056 gregi
1397 1005 1601 1055 regnum

183 1075 471 1139 promittens
483 1109 496 1129 ,
514 1072 792 1137 possidenda
809 1071 881 1118 vel
899 1087 1102 1135 possessa
1117 1080 1315 1134 propter
1332 1069 1602 1132 elemosyna

185 1150 324 1199 vendi
342 1187 356 1209 ‚
402 1149 685 1213 lumbosque
721 1149 1008 1212 praecinctos
1051 1157 1098 1194 et
1140 1147 1354 1193 lucernas
1389 1145 1605 1192 ardentes

188 1249 283 1278 esse
319 1228 489 1276 debere
520 1227 674 1292 jubet.
715 1225 1022 1290 Vigilandum
1058 1241 1282 1290 quoque,
1324 1223 1445 1270 servi
1486 1220 1603 1269 boni

187 1308 395 1371 malique
434 1306 680 1352 mentione
721 1303 843 1350 facta
861 1338 874 1359 ,
931 1303 1147 1364 imperat.
1199 1303 1399 1348 Servum
1451 1299 1608 1346 scien-

191 1395 287 1432 tem
325 1383 622 1429 voluntatem
659 1380 841 1426 domini
883 1379 985 1435 sui,
1030 1395 1118 1424 nec
1155 1376 1436 1432 facientem,
1479 1374 1610 1422 mul-

193 1463 278 1518 tis;
311 1461 612 1525 ignorantem
639 1473 778 1512 vero,
806 1455 965 1519 paucis
989 1454 1210 1518 vapulare
1235 1452 1489 1501 confirmat
1513 1453 1606 1516 (4).

192 1541 355 1604 Ignem
398 1537 447 1582 in
490 1545 667 1582 terram
707 1551 754 1580 se
785 1532 902 1578 dicit
940 1529 1285 1578 necessitudine
1322 1529 1609 1577 divisionum

194 1615 478 1669 missurum,
513 1621 561 1658 et
592 1609 762 1656 faciem
793 1607 904 1654 coeli
938 1606 1196 1672 probantes
1230 1605 1401 1654 debere
1427 1617 1612 1670 tempus

197 1691 461 1755 intelligere
492 1687 825 1743 manifestum,
856 1696 996 1750 atque
1021 1684 1416 1733 consentiendum
1444 1684 1614 1732 adver-

197 1770 320 1816 sario
347 1770 395 1814 in
420 1768 492 1813 via
515 1766 799 1831 pronuntiat
823 1766 916 1829 (5).

267 1846 509 1894 Nuntiatis
540 1844 822 1910 quibusdam
851 1861 875 1889 a
908 1843 1059 1889 Pilato
1095 1843 1285 1900 occisis,
1320 1842 1386 1888 ait
1418 1857 1614 1896 omnes,

201 1926 290 1972 nisi
318 1924 656 1989 poenitentiam
680 1932 844 1987 agant,
871 1920 1089 1967 similiter
1112 1921 1375 1984 perituros;
1397 1919 1472 1967 vel
1497 1919 1620 1965 sicut

204 2003 269 2048 illi
299 2019 328 2047 x
354 2012 400 2048 et
428 2017 511 2047 vm
536 2000 681 2046 turris
706 1999 842 2045 ruina
873 1998 1100 2063 oppressi.
1127 1996 1405 2044 Parabolam
1427 2012 1619 2061 quoque

204 2080 262 2127 de
280 2079 425 2127 sterili
452 2077 622 2126 arbore
649 2078 723 2124 fici
750 2095 960 2142 ponem,
989 2075 1164 2123 indicat
1179 2076 1515 2140 poenitentiam
1531 2073 1621 2120 dif-

206 2157 412 2204 ferentes
429 2157 517 2220 (6).

273 2232 524 2278 Mulierem
549 2230 607 2276 ab
633 2231 768 2276 annis
792 2248 821 2275 x
852 2239 899 2276 et
926 2245 1015 2276 v111
1044 2238 1285 2274 curvatam
1309 2226 1504 2275 sabbato
1525 2227 1624 2274 eri-

211 2309 280 2372 git
297 2344 308 2364 ,
336 2318 382 2354 et
407 2308 463 2353 de
487 2325 598 2353 cura
621 2305 799 2352 sabbati
825 2316 1176 2352 murmurantes
1202 2304 1336 2353 bovis
1363 2303 1621 2371 adaquandi

1589 2444 1622 2451 ..-

263 2538 312 2580 (1)
339 2535 469 2569 matth.
493 2546 599 2577 xxiii,
625 2533 750 2577 13-58;
778 2535 863 2569 Luc.
892 2546 946 2578 xi,
969 2532 1093 2582 37-52.
1121 2554 1162 2558 ——
1188 2535 1239 2579 (¹2)
1264 2532 1396 2567 Matth.
1419 2543 1494 2576 xvi,
1519 2530 1624 2573 6-12;

218 2594 329 2628 Marc.
361 2605 442 2637 vni,
478 2593 536 2636 153
565 2594 649 2627 Luc.
682 2605 747 2637 xn,
784 2605 878 2628 1-12.
906 2614 952 2619 —
974 2592 1025 2638 (3)
1052 2593 1182 2628 Manli.
1204 2604 1256 2635 vi,
1285 2589 1414 2634 25-54;
1441 2591 1527 2625 Luc.
1555 2601 1623 2633 xii,

224 2651 341 2688 13-31.
373 2673 418 2679 —
441 2653 491 2697 (4)
516 2653 600 2686 Luc.
633 2665 702 2690 xii,
737 2651 857 2694 32-48.
883 2672 928 2679 —
952 2650 1002 2697 (5)
1032 2652 1116 2686 l-uc.
1151 2663 1216 2695 xu,
1244 2648 1365 2698 49-59.
1391 2669 1438 2678 —·
1461 2648 1512 2694 (6)
1541 2649 1624 2700 Luc.

223 2724 394 2759 xin‚1-9.
