1738 3043
592 224 746 264 LIBER
773 223 1052 265 SECUNDUS.
1462 230 1540 266 219

184 305 393 370 Agrippa
418 322 530 352 vero
558 305 682 352 filius
701 306 799 368 ejus
820 321 935 351 xxv¹
963 305 1098 351 annis
1115 340 1127 361 ‚
1153 304 1198 350 id
1225 314 1292 352 est
1315 322 1462 370 usque
1482 306 1538 352 ad

121 382 459 430 exterminium
501 381 778 428 Judaeorum
793 415 806 437 ,
851 382 1091 445 regnavit,
1135 393 1182 428 et
1224 399 1387 446 pacem
1429 399 1538 429 cum

120 461 347 507 Romanis
372 472 419 507 et
443 459 721 506 Christianis
746 457 929 506 habuit.
957 459 1174 506 Verbum
1198 462 1391 508 Domini
1419 478 1540 509 cres-

121 535 257 584 cebat
284 548 331 584 et
353 535 764 601 multiplicabatur
790 536 880 599 (ι).

186 615 454 663 Antiochiae²
491 616 539 662 in
574 598 765 663 ecclesia
791 613 1042 679 prophetae
1073 625 1121 662 et
1152 614 1371 663 doctores
1403 626 1538 664 erant

119 692 356 741 Barnabas
385 703 434 741 et
463 693 629 740 Simon
653 692 816 758 Niger,
847 693 1019 739 Lucius
1041 687 1349 758 Cyrenensis,
1376 695 1540 741 Mana-

120 770 212 819 hen
238 771 436 819 Herodis
461 769 713 819 tetrarchae
742 770 1056 818 collactaneus
1083 781 1129 818 et
1154 771 1339 818 Saulus.
1371 772 1539 818 Minis-

121 849 359 896 trantibus
389 850 480 896 illis
504 849 715 898 Domino
740 859 787 897 et
808 848 1158 914 jejunantibus,
1184 849 1304 897 dixit
1335 850 1540 915 Spiritus

119 927 320 974 Sanctus
340 948 350 974 ε
373 927 611 994 Separate
627 927 749 974 mihi
763 927 1047 974 Barnabam
1065 939 1108 975 et
1126 927 1335 975 Saulum
1353 929 1403 975 in
1419 946 1541 994 opus

120 1004 255 1070 quod
283 1005 358 1068 (2)
386 1008 628 1071 assumpsi
651 1023 745 1052 eos.
782 1006 920 1052 Tunc
945 1007 1212 1070 jejunantes
1240 1016 1288 1053 et
1320 1015 1537 1062 orantes,

119 1094 168 1131 et
191 1101 359 1130 manus
387 1085 452 1132 eis
478 1085 802 1150 imponentes,
835 1084 1136 1132 dimiserunt.
1173 1085 1262 1150 Ipsi
1301 1085 1495 1150 quidem
1516 1103 1541 1131 a

120 1162 307 1227 Spiritu
332 1162 509 1210 Sancto
531 1163 659 1210 missi
681 1162 942 1210 Seleuciam
962 1161 1183 1210 abierunt
1199 1198 1212 1220 ,
1241 1173 1288 1210 et
1315 1163 1423 1210 inde
1445 1164 1546 1228 Cy-

121 1258 265 1304 prum
284 1241 645 1306 navigaverunt.
669 1241 906 1289 Salamine
926 1242 974 1288 in
995 1242 1246 1307 synagogis
1263 1242 1288 1287 J
1294 1241 1542 1289 udaeorum

120 1317 322 1366 verbum
364 1319 448 1366 Dei
489 1318 897 1384 praedicaverunt,
942 1331 989 1367 et
1028 1320 1297 1367 universam
1341 1319 1541 1366 insulam

120 1413 270 1461 usque
292 1395 349 1442 ad
373 1395 586 1460 Paphum
610 1396 1061 1461 perambulaverunt
1086 1397 1180 1461 (3).

187 1472 257 1520 Ibi
287 1474 478 1539 Sergius
500 1473 672 1521 Paulus
694 1474 981 1539 proconsul,
1008 1475 1082 1520 vir
1108 1473 1344 1538 prudens,
1371 1474 1544 1520 Barna-

118 1550 231 1598 bam
262 1561 310 1599 et
337 1551 535 1598 Saulum
565 1552 804 1610 accersiit,
834 1562 881 1600 et
908 1551 1232 1599 desideranter
1254 1551 1418 1599 audito
1442 1568 1546 1598 ser-

120 1646 265 1677 mone
281 1630 368 1677 Dei
393 1629 611 1677 credidit.
633 1631 773 1676 Tunc
796 1629 961 1676 Saulus
978 1629 1201 1695 Elymam
1222 1645 1414 1694 magum
1436 1627 1546 1676 doc—

120 1708 263 1754 trinae
287 1707 396 1756 fidei
418 1709 720 1756 resistentem
741 1711 874 1772 jussu
899 1707 957 1755 ad
983 1719 1169 1773 tempus
1197 1707 1474 1764 excaecavit,
1498 1716 1545 1754 et

121 1788 319 1835 nomine
337 1788 467 1834 Pauli
485 1823 497 1843 ‚
524 1806 668 1853 quem
687 1787 744 1836 de
762 1787 983 1852 gentibus
1001 1788 1212 1852 primum
1232 1786 1324 1834 fide
1340 1786 1513 1834 devicit
1527 1821 1540 1842 ,

120 1874 177 1910 ut
194 1865 354 1929 Scipio
375 1864 630 1911 Africanus
649 1883 673 1911 a
690 1866 872 1913 devicta
891 1865 1050 1912 Africa
1072 1865 1434 1928 cognominatus
1453 1872 1540 1919 est,

120 1943 346 2008 appellari
367 1944 562 1990 meruit.
583 1944 765 1991 Deinde
783 1945 961 2008 Pergen
983 1941 1258 2007 Pamphiliae
1272 1977 1285 1998 ,
1306 1952 1354 1989 et
1374 1940 1546 1988 Antio-

122 2020 277 2068 chiam
309 2021 493 2068 Pisidiae
528 2033 790 2078 venerunt,
829 2031 876 2069 ct
914 2022 1108 2086 ingrcssi
1142 2037 1428 2086 synagogam
1469 2019 1544 2065 die

122 2098 430 2147 sabbatorum
453 2100 695 2147 sederunt.
723 2101 836 2148 Post
858 2100 1114 2148 lectionem
1139 2100 1253 2163 legis
1280 2109 1327 2146 et
1344 2097 1546 2163 prophe-

170 2325 220 2369 (1)
237 2324 298 2360 On
307 2325 612 2371 pourraitcroirc‚
626 2325 827 2372 d'aprcsles
837 2325 977 2373 pai-oles
988 2325 1034 2361 de
1045 2333 1150 2361 notre
1161 2333 1304 2368 auteur,
1320 2326 1547 2373 qu'Agrippa

126 2386 244 2419 aurait
266 2385 418 2419 succede
440 2388 459 2419 ἐι
480 2397 544 2419 son
571 2387 656 2432 pere
670 2415 679 2430 ,
699 2386 819 2422 tandis
837 2400 909 2435 que
928 2400 968 2421 ce
986 2387 1042 2422 sut
1058 2400 1103 2422 au
1123 2387 1304 2422 contraire
1322 2389 1340 2421 a
1361 2398 1424 2420 son
1445 2385 1548 2420 oncle

127 2442 274 2478 Herode
287 2472 294 2484 ,
317 2443 370 2477 fils
388 2443 656 2485 d'Aristobule,
677 2445 765 2492 qu’il
785 2445 936 2480 succeda
954 2446 1044 2480 dans
1063 2446 1095 2479 lc
1114 2458 1286 2492 royauinc
1308 2445 1352 2479 (lc
1374 2444 1549 2479 Chalcide

127 2508 165 2536 ct
178 2501 209 2536 la
227 2503 432 2549 prefectum
452 2502 502 2537 du
522 2504 656 2550 temple
674 2516 719 2539 cn
741 2507 797 2551 49.
818 2505 926 2539 Trois
943 2517 1006 2539 ans
1024 2506 1147 2552 εψνὺς,
1170 2505 1194 2539 ἰΙ
1210 2511 1311 2552 rectit
1324 2517 1370 2538 en
1385 2504 1548 2549 ecliangv

129 2561 159 2596 la
179 2564 375 2598 thiren-chio
395 2564 439 2599 de
463 2564 630 2612 l‘liilippc
646 2572 681 2599 ct
698 2565 786 2600 vcllc
805 2566 849 2600 de
870 2567 1050 2612 LysaniaS.
1075 2567 1190 2613 Apri-s
1206 2566 1237 2600 la
1257 2565 1483 2600 destruction
1503 2563 1548 2597 (lv

128 2621 326 2656 Jerusalem
343 2624 433 2670 (70).
454 2623 478 2657 il
499 2623 576 2657 vint
595 2623 738 2658 habitor
761 2624 894 2658 llomc.
919 2631 951 2658 v(
973 2637 994 2669 y
1012 2632 1159 2660 mourut
1178 2638 1222 2658 cn
1241 2638 1298 2670 9⁰-

175 2682 224 2722 (λ)
253 2681 349 2714 Lis-(⁸7,
370 2698 373 2714 :
397 2682 448 2715 ml
462 2683 572 2727 quod.

177 2737 225 2781 (ἦ)
255 2742 334 2776 Act.
358 2750 474 2786 apnxl.
500 2755 578 2783 xm,
603 2743 662 2777 ib
692 2747 747 2784 Μ’»
765 2756 810 2777 un
829 2746 895 2785 ,ΜᾹ
