1738 3043
550 219 704 259 LlBER
732 219 1011 258 SECUNDUS.
1421 224 1493 262 331

74 300 210 366 plasti
242 298 358 346 Adae
379 317 461 363 per
485 299 927 364 praevaricationem
944 334 957 355 ,
985 300 1178 364 ejusque
1198 300 1499 364 reparatione

75 378 402 444 pergFilii'iDei
432 378 714 442 passionem.
743 377 958 442 Cumque
990 376 1125 441 plura
1149 376 1207 425 de
1229 376 1364 425 uberi
1394 395 1499 426 ma-

78 457 194 504 teria
222 455 622 502 sermocinaretur
645 453 886 517 apostolus
901 489 913 510 ‚
941 471 1047 500 cece
1073 451 1231 501 subito
1256 454 1502 503 luctuosus

77 545 212 581 ortus
240 544 311 580 est
342 533 597 588 tumultus,
627 532 674 578 in
702 549 800 596 quo
829 531 1121 596 Euphranon
1151 531 1276 578 filius
1307 533 1498 599 Eglippi

75 613 199 677 regis
230 609 544 676 plangebatur
564 619 801 657 mortuus
840 608 914 655 Ad
945 608 1089 655 funus
1122 612 1219 674 ejus
1250 611 1372 676 magi
1411 623 1502 658 sta-

75 691 216 748 bant,
252 702 297 738 et
330 690 439 755 quia
473 688 608 734 illum
643 688 866 734 suscitare
890 685 1184 752 nequibant,
1216 688 1344 735 hune
1369 707 1392 735 a
1414 689 1502 736 diis

75 781 266 835 raptum
289 770 337 815 in
363 767 564 832 collegio
588 767 687 833 regi
717 765 985 814 asserebant
998 786 1011 825 ;
1034 766 1281 814 suadentes
1307 778 1360 814 ut
1379 785 1502 815 unus

76 866 133 896 ex
165 847 254 894 diis
279 856 664 910 computaretur,
691 846 828 911 eique
852 846 1160 892 simulacrum
1189 857 1234 892 et
1269 846 1501 910 templum

76 924 409 973 fabricaretur.
435 923 723 988 Euphenisia
745 925 816 988 (ι)
845 942 960 972 vero
985 925 1147 989 regina
1169 925 1328 971 sanius
1353 925 1504 972 consi-

78 1009 195 1055 lium
219 1026 242 1055 a
267 1007 392 1054 fideli
424 1006 636 1054 Candace
674 1007 880 1071 accepit,
918 1007 1160 1072 magisque
1195 1005 1502 1054 abominabi-

76 1087 186 1135 liter
223 1086 539 1151 contemptis,
575 1103 662 1150 per
702 1085 963 1133 honoratos
1001 1084 1207 1132 barones
1248 1085 1303 1131 ad
1344 1102 1505 1149 regem

77 1175 352 1213 reverenter
378 1163 660 1210 Matthaeum
685 1164 955 1227 apostolum
981 1164 1223 1220 accersiit;
1260 1180 1410 1227 eoque
1437 1163 1506 1208 in-

78 1242 348 1308 grediente,
376 1242 471 1306 ipsa
503 1241 724 1305 protinus
753 1241 809 1288 ad
839 1259 990 1305 genua
1020 1242 1117 1305 ejus
1141 1258 1188 1288 se
1210 1239 1500 1304 prostravit,

78 1333 127 1370 et
155 1320 359 1368 fideliter
385 1338 436 1366 ae
470 1320 639 1367 devote
673 1329 728 1366 ut
751 1319 903 1366 filium
931 1337 1069 1366 suum
1094 1318 1396 1366 resuscitaret
1417 1315 1508 1365 ob-

78 1399 296 1447 secravit.
324 1400 492 1445 Beatus
516 1408 676 1445 autem
701 1397 942 1461 apostolus
965 1395 1109 1445 honae
1134 1396 1242 1444 fidei
1267 1398 1364 1460 ejus
1385 1411 1507 1442 eon-

78 1477 340 1544 gratulatus
364 1488 458 1533 est,
497 1487 545 1523 et
570 1494 660 1541 pro
693 1477 1053 1523 resuscitatione
1077 1475 1294 1522 defuncti
1324 1474 1509 1520 euncti-

78 1565 326 1622 potentem
351 1555 613 1602 Dominum
638 1554 916 1619 deprecatus
940 1566 1026 1602 est.
1050 1552 1232 1601 Deinde
1256 1552 1391 1618 pueri
1413 1569 1510 1598 ma-

79 1652 198 1682 num
223 1632 566 1698 apprehendit,
598 1633 646 1679 in
679 1634 878 1680 nomine
910 1633 1020 1680 Jesu
1047 1631 1224 1679 Christi
1259 1645 1510 1695 exsurgere

78 1713 308 1779 praecepit
322 1749 336 1771 ‚
357 1722 405 1759 et
427 1711 683 1760 confestim
709 1729 829 1776 puer
845 1711 1132 1759 exsurrexit.

146 1793 304 1838 Tanto
331 1789 564 1836 miraculo
589 1791 716 1844 viso,
744 1807 829 1837 cor
850 1790 973 1853 regis
1002 1789 1216 1851 expavit,
1247 1803 1447 1833 coronas
1466 1786 1509 1833 ei

79 1881 127 1919 et
149 1886 413 1935 purpuram
430 1868 591 1914 statim
609 1867 783 1914 deferri
801 1866 942 1930 jussit
956 1901 969 1922 ,
994 1876 1041 1913 et
1059 1881 1304 1929 praecones
1324 1880 1411 1927 per
1436 1863 1510 1909 ci-

79 1950 246 1995 vitates
272 1957 320 1994 et
346 1963 431 2010 per
455 1945 658 1992 diversas
678 1943 937 2008 AEthiopiae
962 1942 1231 2006 provincias
1250 1941 1404 1998 misit,
1432 1940 1510 1986 di—

83 2036 241 2073 centes
265 2044 276 2070 ε
304 2024 477 2069 Venite
506 2022 577 2068 ad
606 2022 840 2069 civitatem
858 2056 870 2077 ,
899 2031 942 2066 et
973 2020 1132 2066 videte
1160 2019 1423 2064 Dominum
1461 2018 1509 2062 in

82 2104 239 2169 effigie
260 2102 469 2149 hominis
493 2100 734 2146 latentem.
758 2101 974 2164 Cumque
994 2097 1196 2145 venisset
1213 2096 1372 2143 omnis
1390 2094 1509 2140 mul-

80 2181 239 2228 titudo
261 2196 370 2227 cum
395 2179 540 2226 cereis
566 2189 613 2226 et
637 2176 956 2242 lampadibuS‚
987 2193 1097 2223 cum
1127 2174 1437 2240 thymiamate
1461 2181 1509 2219 et

81 2259 268 2307 diverso
308 2256 651 2304 sacrificiorum
688 2272 890 2320 genere,
929 2265 1118 2300 sanetus
1153 2250 1408 2299 Matthaeus
1443 2250 1509 2296 sic

81 2337 344 2402 alloquitur
368 2352 534 2382 omnes
570 2354 580 2379 ε
614 2335 729 2399 Ego
763 2335 897 2380 Deus
931 2351 1028 2380 non
1058 2350 1189 2389 sum,
1227 2330 1316 2378 sed
1349 2346 1507 2377 servus

84 2416 182 2463 Dei
213 2416 573 2481 omnipotentis,
607 2414 691 2477 qui
726 2429 800 2458 me
828 2412 958 2458 misit
988 2411 1059 2457 acl
1080 2428 1194 2467 vos,
1230 2420 1279 2455 ιιι
1305 2423 1505 2454 errorem

86 2495 395 2560 relinquatis,
426 2508 684 2555 verumque
705 2491 969 2537 Dominum
997 2498 1337 2553 cognoscentes
1367 2485 1505 2532 cola-

137 2760 185 2784 ’.ι’
213 2748 307 2781 Liscz
360 2747 559 2791 lz'uphcvun
571 2760 619 2780 wt-
