1738 3043
206 240 284 279 356
572 234 814 274 HISTORIA
847 233 1246 273 ECCLESIASTICA.

207 334 400 383 quoqne
430 314 586 362 verbis
617 315 744 378 signa
785 323 832 361 et
861 313 1075 378 prodigia
1110 313 1159 359 in
1195 314 1390 362 nomine
1426 315 1614 363 Domini

204 401 551 457 consequenter
571 389 766 437 addidit.
790 390 854 436 Et
877 389 1088 436 Anianus
1113 407 1223 436 cum
1247 400 1343 437 tota
1368 390 1514 439 domo
1537 410 1616 439 sua

203 484 245 519 et
286 469 595 518 multitudine
626 469 896 515 vicinorum
926 467 1153 525 credidit,
1192 478 1334 533 atque
1357 467 1619 534 baptizatus

205 553 251 597 in
278 548 616 614 praedicatione
638 547 847 612 magistri
869 545 1057 610 adjutor
1074 546 1250 592 extitit.

270 627 422 674 Porro
460 623 673 672 idolatrae
706 622 1049 678 Alexandrini,
1085 632 1336 688 postquam
1369 640 1455 687 per
1490 622 1623 670 Gali-

207 705 347 751 laeum
371 702 736 768 praedicatorem
756 718 864 748 suos
888 701 1009 746 ritus
1034 701 1426 766 caerimoniasque
1444 700 1620 748 destrui

206 782 456 837 viderunt,
492 779 627 826 illum
658 777 927 826 interficere
957 778 1277 843 quaesierunt,
1316 789 1363 824 et
1394 777 1623 843 plurimas

209 858 396 906 insidias
415 859 455 904 ci
478 866 759 921 posuerunt.
787 856 956 902 Beatus
977 864 1137 901 autem
1162 856 1346 902 Marcus
1371 872 1628 921 agnoscens

206 936 401 985 consilia
421 951 607 990 eorum,
629 932 871 979 Anianum
890 931 1066 979 ibidem
1080 931 1321 980 ordinavit
1333 934 1627 999 episcopum,

206 1023 253 1060 et
277 1023 370 1059 tres
388 1009 719 1076 p1·esbyter05,
741 1009 1001 1066 Melinum,
1029 1009 1256 1055 Savinum
1278 1009 1297 1073 (
1310 1009 1352 1073 ι)
1372 1021 1420 1057 et
1445 1009 1629 1057 Cerdo-

206 1109 318 1138 nem
331 1127 342 1147 ,
365 1101 411 1137 et
433 1106 500 1137 vn
519 1088 738 1136 diacones
753 1123 766 1145 ,
787 1087 998 1152 aliosque
1015 1103 1064 1134 x1
1088 1086 1146 1133 ad
1163 1086 1527 1135 ecclesiasticum
1545 1087 1630 1135 mi—

205 1168 460 1215 nisterium
492 1165 805 1230 pertinentes.
835 1163 1017 1212 Deinde
1041 1163 1343 1227 Pentapolim
1366 1164 1550 1230 pergit,
1581 1174 1629 1211 et

209 1244 385 1293 ibidem
410 1243 598 1291 duobus
634 1243 770 1289 annis
802 1241 992 1307 deguit,
1020 1250 1161 1305 atque
1186 1239 1355 1288 fratres
1386 1241 1469 1307 qui
1495 1251 1630 1289 antea

207 1323 305 1369 illic
337 1321 636 1369 crediderant
666 1318 975 1367 confortavit.
1004 1318 1266 1382 Episcopos
1294 1335 1381 1382 per
1410 1319 1627 1384 regiones

211 1401 310 1447 illas
332 1410 379 1448 et
395 1398 592 1446 clericos
617 1397 875 1445 ordinavit.
907 1398 1085 1442 lterum
1109 1394 1442 1443 Alexandriam
1465 1396 1626 1455 venit,

210 1490 257 1526 et
287 1478 456 1524 fratres
487 1477 536 1522 in
568 1476 716 1539 gratia
742 1483 789 1519 et
820 1471 912 1520 fide
942 1472 1285 1537 multiplicatos
1317 1473 1511 1538 reperit.
1541 1474 1632 1521 Ec-

213 1556 402 1602 clesiam
438 1570 551 1600 vero
578 1550 742 1597 videns
775 1560 1101 1597 constructam
1131 1550 1192 1596 ab
1225 1552 1290 1598 eis
1324 1551 1373 1598 in
1407 1552 1515 1600 loco
1548 1552 1631 1616 qui

213 1633 472 1681 vocabatur
496 1629 705 1677 Bucoliae
721 1664 734 1686 ,
760 1628 807 1674 id
831 1638 900 1675 est
924 1627 1142 1686 bubulci,
1170 1627 1257 1674 sub
1281 1628 1481 1694 rupibus
1496 1632 1633 1694 juxta

214 1728 343 1757 marc
356 1745 368 1766 ,
391 1709 576 1754 laetatus
600 1715 669 1752 est
690 1703 822 1751 valde
835 1722 848 1761 3
877 1704 1139 1768 positisque
1158 1703 1357 1769 genibus
1376 1705 1637 1753 Dominum

213 1785 522 1853 glorificavit,
551 1799 788 1848 opemque
821 1799 954 1828 suam
985 1781 1034 1827 in
1073 1779 1229 1828 verbis
1262 1792 1309 1829 et
1338 1783 1638 1831 orationibus

215 1863 489 1929 benigniter
513 1860 698 1924 adjecit.

283 1943 499 2005 Cumque
516 1941 615 2004 jam
640 1948 826 2002 tempus
850 1937 1190 2002 compleretur,
1219 1947 1266 1986 et
1290 1939 1339 1985 in
1363 1938 1454 1986 fide
1482 1938 1637 1986 Chris-

219 2020 334 2067 tiani
359 2017 814 2082 multiplicarentur,
848 2027 989 2080 atque
1024 2016 1271 2062 simulacra
1300 2016 1634 2081 dejicerentur,

219 2098 418 2164 gentiles
454 2106 672 2143 sanetum
710 2095 950 2142 advenisse
990 2104 1348 2159 cognoverunt3
1388 2095 1634 2161 nimioque

221 2178 372 2224 livore
396 2184 595 2239 propter
621 2173 846 2220 miracula
872 2189 979 2237 quae
1007 2172 1067 2219 ab
1094 2189 1151 2220 eo
1178 2172 1281 2220 fieri
1306 2183 1635 2238 compererant

223 2253 391 2317 repleti
423 2262 551 2298 sunt.
584 2251 807 2298 Infirmos
831 2251 959 2298 enim
984 2250 1198 2309 sanabat,
1231 2251 1485 2299 incredulis
1510 2269 1636 2316 prae-

224 2328 432 2385 dicabat,
476 2327 691 2374 auditum
734 2327 886 2373 surdis
926 2327 1179 2385 reddebat,
1220 2329 1468 2394 visumque
1506 2328 1637 2375 caecis

226 2403 544 2454 condonabat.
582 2404 724 2450 Illum
761 2405 905 2469 igitur
941 2405 1295 2470 apprehendere
1330 2386 1634 2471 quaerebant,

225 2501 313 2532 nec
340 2482 553 2530 invenire
582 2492 822 2546 poterant.
849 2483 988 2531 Unde
1020 2485 1067 2530 in
1100 2483 1372 2548 spectaculis
1398 2481 1636 2534 idolorum

226 2578 423 2609 suorum
437 2558 659 2606 dentibus
677 2561 769 2607 suis
786 2560 1076 2619 fremebant,
1095 2561 1322 2625 factisque
1341 2560 1638 2608 comessatio-

226 2638 369 2687 nibus
383 2638 475 2684 suis
492 2637 757 2685 clamabant
776 2659 787 2684 ε
804 2641 996 2703 Magna
1012 2640 1087 2686 vis
1101 2639 1245 2703 hujus
1259 2639 1410 2702 magi.
1426 2638 1636 2686 Tandem

273 2814 324 2856 (ι)
349 2811 445 2846 Lisez
469 2826 472 2829 ·
498 2810 686 2845 Sabinum.
