1738 3043
221 227 300 264 :314
590 223 832 262 lllS'l'ORlA
865 223 1268 262 ECCLESlAS'l‘lCA.

218 305 421 370 fulguris
461 303 701 368 perituros
743 321 790 350 se
836 302 1152 351 formidarent
1170 339 1183 360 ,
1231 304 1419 350 terruit.
1465 304 1640 353 Omnes

219 383 446 449 prostrati
473 399 582 427 eum
597 381 838 445 apostolo,
856 400 940 446 per
960 380 1163 428 mediam
1186 381 1284 429 fere
1304 380 1470 429 horam
1483 383 1639 446 jacue-

220 470 360 515 runt,
389 457 574 523 sibique
597 460 909 524 gratissimam
935 460 1016 506 Dei
1053 458 1319 506 bonitatem
1348 458 1503 507 adesse
1530 477 1642 507 sen-

219 548 403 584 serunt.
445 537 586 584 Multi
625 538 754 585 euim
791 536 1117 585 febricitantes
1154 547 1200 584 et
1236 536 1396 595 surdi,
1441 537 1551 585 caeci
1594 547 1643 584 et

221 615 371 662 claudi
398 616 544 662 sanati
570 627 708 673 sunt,
736 616 934 681 aliaeque
960 616 1261 664 infirmitates
1284 615 1342 663 ab
1368 615 1642 664 hominibus

223 694 400 740 virtute
429 693 666 741 Creatoris
689 693 896 759 depulsae
926 705 1054 741 sunt.
1081 694 1287 742 Jubente
1311 693 1554 758 apostolo,
1584 691 1642 742 de

223 772 372 820 humo
403 773 561 819 cuncti
597 782 936 828 surrexerunt,
973 782 1020 819 et
1048 772 1303 837 gaudentes
1333 789 1425 836 pro
1457 781 1645 836 recepta

223 851 422 898 sanitate
441 851 701 898 Dominum
726 850 1132 914 glorificaverunt.

291 929 430 974 Tune
471 927 632 975 beatus
669 927 877 976 Thomas
917 927 1127 974 aseendit
1163 944 1302 991 supra
1340 937 1550 992 petram,
1593 936 1649 972 ut

225 1024 391 1054 omncs
415 1005 597 1053 videret
628 1016 674 1052 et
698 1005 844 1053 videri
878 1004 936 1052 ab
962 1004 1187 1053 omnibus
1222 1016 1401 1069 posset;
1429 1005 1648 1070 factoque

224 1083 441 1139 silentio,
480 1101 639 1130 veram
673 1084 737 1130 cis
772 1082 1043 1130 doctrinam
1076 1081 1285 1130 ubertim
1315 1081 1524 1130 exhibet.
1562 1082 1648 1130 Se-

223 1162 389 1227 quenti
409 1160 653 1208 dominico
674 1160 896 1226 baptizati
920 1171 1031 1207 sunt
1050 1178 1224 1209 novem
1247 1160 1393 1207 millia
1410 1161 1644 1218 virorum,

224 1242 429 1306 exceptis
459 1241 668 1305 parvulis
697 1250 743 1288 et
776 1239 1074 1287 mulieribus.
1104 1239 1360 1304 Apostolus
1383 1238 1441 1286 ad
1465 1238 1647 1286 Indiam

223 1320 519 1383 superiorem
549 1318 793 1383 profectus
822 1328 891 1366 est
912 1336 996 1383 per
1019 1317 1383 1374 revelationem,
1410 1326 1458 1364 et
1481 1333 1647 1364 omnes

221 1397 387 1462 populi
409 1396 698 1444 festinabant
719 1396 775 1443 ad
799 1399 896 1461 ejus
916 1397 1214 1461 opinionem.
1243 1396 1385 1460 Signa
1410 1406 1458 1443 et
1480 1393 1647 1459 prodi-

224 1477 295 1540 gia
314 1494 421 1540 quae
438 1475 640 1522 faciebat
657 1475 896 1522 ridebant.
919 1475 1057 1522 Unde
1076 1475 1326 1530 mirante&
1348 1473 1647 1539 praedicatio-

225 1572 337 1600 ncin
367 1556 464 1615 ejus
495 1565 804 1601 contemnere
832 1571 928 1600 non
961 1552 1212 1600 audebant.
1243 1553 1493 1600 Daemones
1518 1552 1648 1600 enim

225 1629 513 1694 expellebat,
547 1648 695 1677 caecos
729 1629 1027 1676 illuminabat
1058 1640 1102 1676 ct
1129 1630 1338 1694 leprosos
1366 1628 1642 1676 mundabat.

226 1710 401 1756 Omnes
430 1709 571 1755 etiam
595 1708 785 1756 dolores
819 1718 865 1755 et
891 1708 1069 1754 calores
1102 1719 1149 1754 et
1174 1707 1375 1772 frigores
1402 1707 1476 1771 (ι)
1507 1706 1648 1771 pelle-

225 1786 335 1842 bat;
365 1797 581 1833 mortuos
606 1804 798 1851 quoque
821 1784 1091 1832 suscitabat.

292 1864 519 1924 Quaedam
561 1863 735 1910 mulier
773 1864 970 1911 nomine
1009 1863 1218 1920 Sintice,
1256 1880 1364 1930 quae
1405 1879 1527 1909 caeca
1564 1879 1650 1927 per

225 1960 376 1989 annos
401 1960 479 1989 sex
503 1941 687 1998 fuerat,
715 1943 774 1988 ita
795 1952 954 1989 curata
979 1952 1071 1998 est,
1096 1952 1151 1988 ut
1170 1960 1256 1989 nec
1275 1943 1651 2008 signumpraete-

226 2021 332 2067 ritae
360 2020 654 2067 infirmitatis
675 2019 889 2067 haberet.
918 2019 1032 2067 Inde
1058 2020 1316 2086 Mygdonia
1340 2036 1464 2067 uxor
1482 2019 1649 2065 Carisii

226 2098 413 2162 cognati
440 2098 560 2161 regis
586 2096 757 2145 Mesdei
784 2097 916 2144 valde
940 2115 1132 2144 accensa
1158 2107 1249 2153 est;
1275 2108 1323 2144 et
1355 2106 1540 2144 mutato
1564 2095 1652 2143 ha-

228 2175 332 2222 bitu
357 2175 587 2239 applicuit
611 2193 657 2223 se
688 2176 813 2222 intcr
839 2175 1031 2221 ancillas
1054 2193 1185 2234 suas,
1215 2174 1298 2221 ubi
1326 2174 1384 2222 de
1414 2175 1514 2222 Deo
1539 2191 1653 2221 vero

227 2254 594 2300 saluberrimum
636 2270 905 2299 sermonem
951 2252 1152 2299 faciebat
1195 2264 1382 2299 sanctus
1422 2251 1648 2300 Thomas.

229 2333 444 2378 lim-ente
483 2331 727 2395 apostolo,
773 2332 989 2377 universa
1032 2331 1291 2378 multitudo
1332 2329 1558 2387 credidit,
1604 2339 1651 2376 et

229 2419 336 2471 post
351 2409 588 2470 jejunium
610 2418 788 2471 septem
806 2407 989 2455 dierum
1014 2408 1244 2472 baptisma
1268 2408 1496 2472 percepit.
1517 2410 1650 2471 Myo-

231 2486 372 2531 donia
405 2503 546 2540 xero,
584 2502 802 2530 sermone
835 2484 997 2531 audito
1031 2504 1085 2531 cx
1122 2502 1205 2532 ore
1236 2484 1461 2549 apostoli,
1495 2481 1651 2529 noluit

296 2745 320 2768 ι,
351 2731 515 2774 Ρίί·ιί·(“,-·,
539 2731 669 2777 plum-1
691 2731 734 2766 «le
752 2733 876 2777 [ripas
896 2759 901 2764 .
926 2732 1050 2776 lien-c,
1070 2732 1211 2767 srisson.
