1738 3043
609 235 760 274 LIBER
788 233 1066 273 SECUNDUS.
1469 239 1546 276 205

137 312 319 370 nucho,
343 314 424 379 qui
448 330 586 378 super
604 330 768 360 omnes
786 329 916 377 gazas
937 314 1112 378 reginae
1128 312 1406 377 Hflthiopum
1426 324 1544 370 erat,

135 393 390 439 revertenti
430 392 486 438 de
525 391 780 439 Jerusalem
815 393 1050 448 occurrit,
1095 402 1141 438 et
1177 409 1315 456 super
1352 410 1545 439 currum

135 486 243 516 cum
274 469 356 517 illo
387 469 624 526 ascendit,
651 479 790 532 atque
815 468 1004 525 isaiam,
1032 485 1171 534 quem
1201 469 1407 535 legebat,
1436 488 1546 534 pro-

134 546 327 611 phetam
350 547 581 612 explicare
610 547 789 610 coepit,
831 555 879 592 et
914 564 938 591 a
975 546 1199 594 vaticinio
1224 546 1281 594 de
1311 548 1546 594 occisione

135 624 240 689 agni
261 624 489 670 mansueti
514 623 765 687 incipiens,
792 623 951 669 Jesum
975 622 1041 669 illi
1063 623 1410 688 evangelizavit.
1444 626 1545 689 Ipse

134 719 247 749 vero
289 701 492 767 gaudens
529 701 737 757 audivit,
771 699 1022 766 diligenter
1052 701 1309 759 intellexit,
1338 702 1543 749 libenter

135 780 362 837 credidit,
389 790 434 827 et
455 781 646 827 iuventa
666 796 783 844 aqua
804 778 1068 843 baptizatus
1092 791 1183 836 est;
1207 789 1253 826 et
1277 780 1324 825 in
1346 781 1547 844 patriam

133 874 265 903 suam
291 875 399 903 cum
422 856 620 922 gaudio,
660 873 749 920 pro
777 873 919 902 sacrae
947 857 1317 921 regenerationis
1350 858 1545 904 innova-

135 934 282 992 tione,
302 951 536 999 regressus
554 944 638 981 est.
667 933 869 998 Spiritus
888 944 1047 980 autem
1062 934 1255 981 Domini
1273 932 1547 998 Philippum

132 1013 314 1077 rapuit,
358 1023 405 1060 et
436 1012 493 1060 de
528 1012 680 1059 Azoto
711 1029 859 1077 usque
898 1012 946 1058 in
980 1012 1239 1059 Caesaream
1278 1011 1546 1059 civitatibus

134 1090 317 1136 cunctis
347 1089 680 1155 evangelizavit
699 1090 783 1153 (ι).

198 1167 365 1213 Saulus
392 1165 542 1213 adhue
575 1167 755 1231 spirans
785 1167 1025 1213 minarum
1049 1178 1096 1214 et
1119 1166 1257 1214 caedis
1280 1167 1327 1213 in
1348 1167 1547 1231 discipu-

132 1245 202 1292 los
225 1246 445 1302 Domini,
483 1245 620 1309 petiit
643 1263 665 1291 a
690 1246 906 1310 principe
934 1245 1230 1292 sacerdotum
1260 1245 1477 1310 epistolas
1498 1245 1548 1290 in

131 1325 411 1370 Damascum
436 1323 492 1370 ad
514 1340 796 1388 synagogas,
825 1334 879 1369 ut
899 1323 1139 1371 ecclesiam
1167 1324 1359 1371 Domini
1385 1322 1547 1369 devas-

133 1412 254 1449 taret
270 1438 282 1459 ,
305 1412 351 1449 et
370 1403 495 1448 viros
519 1419 571 1447 ac
599 1402 821 1449 mulieres
844 1402 900 1448 de
924 1402 1276 1449 Nazarenorum
1298 1412 1418 1448 secta
1442 1402 1547 1448 vin-

133 1480 280 1536 ciret,
308 1489 354 1526 et
376 1479 633 1526 Jerusalem
656 1477 951 1543 perduceret.
987 1479 1108 1526 Cum
1142 1479 1548 1544 appropinquaret

132 1557 390 1616 Damasco,
417 1557 734 1605 circumfulsit
764 1575 872 1605 eum
898 1557 979 1604 lux
1011 1557 1068 1604 de
1100 1558 1244 1605 coelo.
1281 1558 1346 1604 Et
1379 1555 1545 1603 cadens

133 1636 183 1683 in
210 1647 383 1684 terram
399 1673 411 1694 ‚
444 1636 621 1683 audivit
647 1636 910 1683 Dominum
942 1636 1268 1700 increpantem
1285 1654 1352 1694 se,
1373 1647 1420 1683 et
1442 1652 1546 1682 cor—

132 1724 288 1761 rectus
309 1725 403 1772 est,
426 1724 473 1762 et
496 1713 583 1760 sihi
599 1750 613 1773 ,
633 1714 889 1780 multisque
908 1714 1033 1772 aliis,
1061 1714 1244 1760 utiliter
1269 1714 1545 1759 immutatus
1567 1747 1571 1751 -

132 1803 218 1840 est.
239 1792 277 1838 A
299 1794 458 1849 sociis,
481 1794 564 1858 qui
587 1792 955 1848 comitabantur,
975 1793 1056 1857 qui
1077 1793 1338 1839 Dominum
1354 1791 1546 1856 quidem

134 1888 242 1916 cum
262 1871 343 1918 illo
364 1871 643 1934 loquentem
657 1870 928 1927 audierunt,
944 1870 1021 1917 sed
1037 1871 1276 1917 neminem
1292 1870 1515 1916 viderunt
1531 1905 1542 1925 ‚

133 1966 218 2012 per
237 1966 431 1996 manum
454 1958 634 1994 tractus
662 1948 710 1993 in
735 1948 1039 2004 Damascum,
1067 1947 1220 1994 tribus
1251 1946 1415 1994 dicbus
1446 1964 1543 1993 non

132 2026 251 2071 vidit
264 2062 277 2083 ‚
298 2043 384 2073 nec
401 2024 726 2081 manducavit,
747 2043 900 2089 neque
914 2024 1056 2071 bibit.
1076 2024 1278 2071 Ananias
1297 2044 1318 2070 a
1338 2024 1546 2071 Domino

133 2104 300 2150 missus
325 2104 465 2152 Saulo
489 2121 654 2150 manus
681 2103 935 2167 imposuit,
968 2102 1284 2160 confortavit,
1313 2102 1548 2148 illumina-

135 2183 206 2228 vit
229 2200 281 2228 ac
302 2181 572 2246 baptizavit.
600 2183 677 2228 Sic
702 2181 907 2227 mirabili
935 2181 1077 2228 modo
1101 2180 1158 2227 de
1184 2181 1297 2245 lupo
1321 2190 1367 2227 ct
1391 2198 1545 2244 perse-

135 2269 300 2306 cutore
324 2277 449 2306 saevo
474 2258 528 2305 fit
555 2276 701 2324 agnus
727 2268 773 2305 ct
804 2258 921 2304 aries
955 2257 1266 2314 fortissimus,
1307 2275 1384 2303 vas
1420 2257 1544 2304 elec-

136 2337 279 2383 tionis
305 2347 350 2384 et
369 2336 539 2383 doctor
563 2337 795 2401 gentium.
819 2336 1063 2383 Continuo
1090 2336 1321 2399 ingressus
1344 2336 1390 2381 in
1412 2353 1544 2399 syna-

135 2431 296 2480 gogas,
316 2413 604 2479 praedicabat
626 2415 784 2461 Jesum
801 2449 813 2470 ,
837 2415 1066 2479 quoniam
1091 2414 1166 2462 hic
1194 2425 1263 2461 est
1286 2414 1408 2461 filius
1434 2413 1542 2468 Dei,

185 2625 234 2669 (ι)
260 2626 345 2659 Act.
370 2631 588 2670 apos!.v1n,
621 2623 744 2665 26-40.
773 2624 828 2658 Au
857 2623 930 2658 lieu
955 2623 999 2658 dc
1030 2623 1208 2667 Candaei,
1237 2624 1319 2658 liscz
1353 2622 1546 2657 Candaei«.

141 2682 253 2716 Notrc
271 2690 400 2717 auteur
416 2696 434 2717 a
452 2683 526 2729 pris
544 2695 582 2717 cc
601 2694 685 2716 nom
705 2693 798 2728 pour
817 2681 908 2716 cclui
932 2681 978 2715 (lc
996 2681 1191 2728 l'cunuqnc
1205 2710 1213 2725 ‚
1237 2681 1356 2717 {andis
1373 2693 1443 2727 quc
1462 2680 1545 2714 c'cst

142 2740 232 2775 celui
254 2741 298 2776 dc
315 2741 345 2776 la
366 2743 465 2775 rcinc
483 2734 701 2787 ‹l’Ethiopiu
