1738 3043
592 184 746 223 LIBER
774 183 1053 223 SECUNDUS.
1459 184 1538 223 383

185 268 352 315 Beatus
380 267 545 314 Simon
570 266 760 321 Petrus,
788 265 1008 329 princeps
1031 262 1384 328 apostolorum,
1414 262 1539 310 filius

119 346 339 403 Joannis,
362 346 466 393 vico
485 342 725 391 Bethsaida
751 343 1010 406 provineiae
1036 341 1228 389 Galiloae
1249 351 1410 398 ortus,
1438 341 1542 406 pri-

121 442 252 470 mum
281 424 327 469 in
354 421 606 469 Antiochia
631 437 699 467 v11
735 420 871 465 annis
899 419 1040 477 sedit3
1076 418 1245 467 deinde
1275 418 1363 465 sub
1395 418 1541 466 Clau-

122 500 202 548 dio
241 512 407 548 contra
439 500 683 546 Simonem
714 514 903 561 magum
930 497 1130 544 Romam
1163 497 1342 561 pergit,
1379 495 1543 562 ibique

122 595 220 624 xxv
236 579 371 625 annis
384 576 696 642 Evangelium
712 574 974 639 praedicans
989 575 1246 622 Ecclesiam
1262 576 1402 623 rexit.
1424 575 1544 622 Con-

123 666 194 702 tra
213 656 456 703 Simonem
476 653 718 701 multoties
740 669 900 699 coram
921 652 1113 700 Nerone
1128 665 1171 700 et
1189 654 1368 718 populo
1386 654 1546 719 dispu-

123 734 264 790 tavit,
287 743 351 790 et,
376 750 431 782 eo
451 731 656 788 devicto,
681 749 703 776 a
724 729 915 779 Nerone
942 740 1116 777 xxxvi¹¹
1138 749 1266 778 anno
1285 749 1307 777 a
1328 733 1544 797 passione

122 812 344 870 Domini,
373 821 449 858 ιιιο
469 811 560 858 kal.
580 811 686 876 julii
711 828 819 857 cum
844 810 991 857 Paulo
1010 811 1349 876 martyrizatur
1368 812 1463 875 (ι).

189 889 338 936 Linus
353 889 410 936 de
430 889 599 935 Tuscia
615 924 629 947 ,
651 906 706 935 ex
729 898 862 952 patre
883 887 1175 945 Herculano,
1203 887 1322 935 sedit
1341 889 1478 935 annis
1498 906 1545 936 Χι

124 967 366 1015 mensibus
399 984 450 1014 111
484 965 648 1014 diebus
681 982 780 1023 ΧΠ,
809 976 855 1012 et
883 966 1219 1030 martyrizatus
1253 977 1323 1013 est
1348 976 1418 1013 vl⁰
1452 967 1545 1013 kal.

125 1045 405 1094 decembris.
440 1046 527 1093 Hic
558 1063 615 1093 ex
643 1054 885 1110 praecepto
910 1044 1037 1091 Petri
1067 1044 1267 1108 apostoli
1298 1045 1550 1092 constituit

127 1135 181 1172 ut
203 1113 376 1172 mulier
404 1125 453 1171 in
478 1124 720 1172 ecclesiam
741 1123 895 1171 velato
920 1123 1071 1187 capite
1093 1124 1294 1170 intraret
1320 1123 1415 1187 (2).

192 1204 353 1251 Cletus
369 1204 610 1250 Romanus
624 1201 742 1250 sedit
757 1202 893 1248 annis
909 1218 976 1248 ΧΠ
991 1219 1152 1248 mense
1167 1219 1266 1249 uno
1287 1201 1453 1249 diebus
1471 1218 1519 1249 xx
1535 1241 1546 1263 7

129 1291 177 1330 et
199 1280 287 1329 sub
316 1281 591 1328 Domitiano
621 1297 780 1346 passus
805 1290 873 1326 est
899 1287 967 1326 vl⁰
997 1279 1088 1326 kal.
1117 1280 1255 1337 maii,
1283 1290 1330 1327 et
1359 1281 1552 1327 cessavit

129 1360 426 1425 episcopatus
437 1357 600 1406 diebus
615 1375 697 1406 xx.
715 1357 935 1414 Rufinus,
950 1357 1263 1423 Aquileiensis
1279 1357 1549 1424 presbyter,

129 1436 187 1485 de
212 1438 333 1484 Lino
359 1447 406 1485 et
434 1437 570 1484 Cleto
601 1436 719 1483 dicit
752 1436 801 1482 in
831 1436 1076 1500 prooemio
1102 1435 1315 1485 historiae
1339 1436 1556 1484 Clemen-

133 1516 192 1562 tis
227 1515 357 1582 qnod
387 1516 473 1580 ipsi
507 1516 696 1562 vivente
733 1514 875 1560 Petro
906 1514 1123 1578 apostolo
1149 1515 1552 1571 ministraverint,

133 1591 318 1659 sibique
349 1593 675 1640 successerint.
710 1589 857 1639 Valde
880 1590 1034 1637 miror
1066 1590 1197 1656 quod
1226 1601 1323 1637 tam
1347 1591 1558 1656 prudens

135 1671 369 1737 interpres
390 1681 437 1718 et
460 1668 892 1735 historiographus,
913 1678 960 1716 et
978 1678 1076 1714 tam
1098 1669 1264 1734 graecis
1287 1686 1430 1734 quam
1455 1669 1559 1715 lati-

135 1751 209 1797 nis
227 1748 484 1797 admodum
501 1748 714 1796 eruditus
724 1783 738 1804 ,
762 1764 862 1794 non
882 1746 1252 1794 consideraverit
1267 1746 1398 1812 quod
1415 1747 1559 1794 ambo

135 1828 324 1876 felicem
358 1844 551 1874 cursum
585 1826 820 1891 martyrio
859 1825 1328 1883 consummaverint,
1360 1842 1448 1872 nec
1472 1825 1560 1871 ali-

137 1905 220 1971 qui
245 1904 625 1969 persecutionem
650 1903 699 1948 in
727 1901 846 1949 urbe
872 1918 963 1966 pro
984 1899 1175 1949 Christo
1202 1919 1353 1966 usque
1376 1901 1433 1948 ad
1459 1911 1560 1949 ter-

140 1982 263 2028 tium
302 1980 539 2027 decimum
576 1979 782 2026 Neronis
821 1995 1003 2024 annum
1042 1987 1152 2042 post
1191 1977 1400 2024 Simonis
1436 1979 1560 2043 magi

140 2057 464 2124 praecipitium
488 2055 692 2121 perpessi
726 2054 925 2102 fuerint.
961 2055 1107 2102 Linus
1135 2054 1312 2119 quippe
1345 2065 1562 2121 tempore

190 2259 241 2311 (ι)
266 2258 409 2305 Voyez‚
426 2269 487 2292 sur
505 2257 556 2292 les
573 2256 675 2292 dates
690 2256 736 2292 de
754 2255 959 2304 l’apostolat
977 2255 1022 2291 de
1035 2256 1129 2291 saint
1147 2256 1273 2292 Pierre
1286 2259 1305 2292 a
1324 2258 1509 2294 Antioche
1527 2268 1565 2295 et

144 2319 165 2353 ὲ
180 2317 298 2354 Rome
309 2346 318 2362 ‚
336 2317 539 2353 aussi-bien
554 2329 626 2365 que
640 2316 686 2352 de
699 2329 765 2352 son
781 2323 941 2363 martyre
952 2344 961 2360 ,
977 2328 1045 2352 nos
1057 2322 1161 2351 notes
1172 2316 1425 2364 precedentes,
1445 2330 1482 2366 p.
1497 2317 1564 2354 255

144 2385 182 2414 et
200 2377 280 2429 237.

191 2440 243 2486 (2)
266 2439 326 2487 (29
341 2438 424 2484 juin
441 2435 555 2473 66-23
575 2437 806 2484 septembre?
825 2437 900 2486 78.)
918 2436 1033 2472 Notre
1050 2444 1180 2473 auteur
1198 2451 1217 2473 a
1235 2439 1325 2473 suivi
1342 2438 1376 2474 le
1390 2446 1566 2486 martyro-

145 2498 230 2546 loge
248 2497 412 2540 d’Adon,
431 2509 476 2531 en
493 2502 709 2543 rapportant
726 2508 772 2530 au
792 2495 835 2531 25
854 2495 1050 2531 novembre
1070 2495 1103 2531 la
1121 2504 1219 2532 mort
1236 2497 1282 2533 de
1301 2498 1395 2533 saint
1415 2499 1480 2533 Liu
1494 2511 1566 2546 que

146 2557 222 2594 l’on
238 2557 339 2606 place
358 2557 647 2593 ordinairement
669 2555 704 2591 le
729 2555 773 2592 23
798 2556 1017 2603 septembre.
1037 2556 1067 2592 11
1087 2564 1141 2593 est
1165 2558 1239 2594 sort
1257 2558 1418 2594 douteux
1436 2571 1508 2606 que
1526 2572 1566 2594 ce

148 2630 241 2665 pape
257 2625 296 2654 et
308 2629 373 2654 son
390 2629 598 2652 successeur
616 2615 805 2651 immediat
821 2616 920 2652 aient
935 2617 1093 2652 termine
1108 2616 1206 2652 leurs
1220 2618 1324 2665 joui-s
1342 2630 1407 2665 par
1424 2617 1456 2653 le
1470 2630 1566 2652 mar-

149 2683 250 2723 tyre,
270 2684 308 2712 et
326 2677 569 2713 entierement
588 2675 670 2710 saux
688 2687 760 2722 que
777 2675 869 2710 saint
889 2675 955 2710 Lin
975 2675 1025 2711 ait
1042 2675 1201 2712 desendu
1217 2689 1285 2712 aux
1299 2677 1450 2712 semmes
1466 2675 1569 2712 d'en—

153 2742 229 2772 trer
246 2734 335 2772 dans
353 2735 488 2783 l’eglise
505 2734 540 2772 la
558 2735 630 2772 tete
648 2747 733 2771 nue.
