1738 3043
571 236 724 274 LIBER
752 233 1031 274 SECUNDUS.
1436 237 1515 276 :335

94 317 287 365 adduxit
306 353 319 375 ‚
343 329 390 364 et
407 335 431 363 a
460 327 592 382 tergo
616 314 835 362 manibus
854 312 912 359 ab
935 315 1034 378 ipso
1050 311 1241 361 diabolo
1260 313 1507 381 colligatis,

94 406 292 461 paterna
310 413 419 442 eum
438 395 636 441 crimina
657 391 875 440 confiteri
895 392 1146 455 compulit.
1169 393 1270 456 lpse
1288 410 1402 440 vero
1421 394 1513 443 ele—

92 474 373 539 phantiosus
403 473 554 520 factus
578 473 626 519 in
657 489 704 518 se
733 470 941 535 gladium
972 471 1222 534 imponens
1255 471 1509 530 occubuit,

92 551 380 616 propriaque
403 567 548 597 manu
569 546 813 613 perforato
833 546 1078 594 stomacho
1097 547 1371 612 apostolicae
1390 565 1514 597 mor-

95 630 153 676 tis
176 647 340 694 poenas
360 629 466 676 luit.
488 627 654 676 Omnis
679 635 836 673 autem
860 625 1066 689 populus
1089 626 1234 672 morti
1261 629 1357 690 ejus
1378 628 1514 674 iusul=

96 708 238 766 tavit,
265 718 312 756 et
331 706 488 755 Behor
512 705 712 752 fratrem
733 703 1010 769 Ephigeniae
1030 701 1088 750 ab
1110 704 1327 768 apostolo
1352 705 1514 770 bapti-

94 797 249 833 zatum
283 783 672 850 comprehendit,
699 781 884 847 sibique
913 800 1072 847 regem
1101 781 1390 830 sublimavit.
1427 786 1514 832 Hic

93 871 212 911 xxv⁰
230 880 360 911 anno
378 863 528 909 aetatis
548 880 643 909 suae
662 878 861 926 regnare
880 861 1055 925 coepit,
1077 870 1124 908 et
1141 878 1226 926 per
1246 879 1396 910 annos
1415 879 1511 908 Lxu

93 941 332 1007 regnavit,
360 957 618 1006 pacemque
638 939 956 986 firmissimam
976 956 1086 985 cum
1103 939 1330 987 Romanis
1346 950 1394 987 et
1411 942 1516 988 Per-

93 1020 153 1066 sis
167 1018 349 1066 habuit.
363 1019 537 1066 Omnes
547 1017 829 1082 AEthiopum
845 1017 1106 1082 provinciae
1120 1016 1363 1064 catholicis
1376 1018 1517 1066 eccle-

94 1098 172 1144 siis
203 1097 398 1162 repletae
429 1107 567 1153 sunt,
595 1113 647 1142 ac
676 1095 733 1142 ad
764 1094 1113 1143 confessionem
1144 1094 1269 1143 beati
1300 1094 1515 1142 Matthaei

93 1175 295 1240 apostoli
328 1174 563 1222 mirabilia
588 1191 756 1239 magna
794 1173 935 1220 fiunt.
971 1174 1059 1220 Hic
1089 1174 1273 1238 primus
1297 1175 1515 1239 Evange-

95 1253 214 1300 lium
243 1253 437 1301 Domini
464 1253 616 1300 nostri
646 1253 754 1298 Jesu
783 1251 959 1298 Christi
991 1250 1183 1298 hebraeo
1208 1251 1395 1316 scripsit
1424 1269 1515 1299 ser-

94 1348 267 1387 mone,
295 1329 426 1396 quod
459 1340 675 1394 tempore
697 1329 904 1375 Zenonis
932 1328 1233 1393 imperatoris
1264 1329 1514 1376 inventum

96 1420 190 1467 est,
233 1410 335 1474 ipso
371 1409 608 1456 revelante
644 1408 737 1472 (ι).
781 1408 930 1471 Hujus
964 1407 1196 1454 nimirum
1234 1408 1516 1455 memoriam

96 1498 252 1534 sancta
271 1498 423 1534 mater
441 1486 646 1533 Ecclesia
666 1494 735 1531 xl⁰
755 1485 846 1531 kal.
867 1484 1080 1533 octobris
1098 1484 1265 1532 festive
1282 1484 1489 1533 celebrat
1503 1522 1515 1540 ‚

95 1565 232 1631 eique
255 1565 383 1612 vocis
408 1575 455 1611 et
479 1564 654 1611 mentis
678 1561 804 1609 dulci
831 1561 1155 1610 modulamine
1179 1572 1338 1609 cantat
1359 1583 1369 1608 ;

162 1642 396 1690 Matthoee
417 1654 606 1700 sancte,
631 1642 740 1689 bino
759 1641 950 1708 pollens
975 1659 1191 1699 munere,
1220 1641 1402 1689 sedulis
1425 1642 1465 1688 J
1464 1659 1518 1688 e—

97 1738 202 1767 sum
221 1720 473 1787 interpella
491 1719 720 1776 vocibus,
742 1730 792 1765 ιιι
813 1737 901 1766 nos
920 1722 970 1765 in
988 1719 1159 1765 mundi
1179 1719 1410 1782 gubernet
1430 1731 1522 1765 tm·-

98 1798 313 1855 binibus,
341 1816 400 1844 ne
416 1809 528 1863 post
551 1809 753 1843 (eternus
775 1796 961 1843 sorbeat
985 1798 1219 1842 interitus.

165 1876 255 1922 Xl.
275 1875 442 1921 Simon
458 1873 750 1920 Chananaeus
763 1909 774 1927 ‚
794 1873 839 1919 id
856 1884 925 1920 est
945 1873 1134 1920 Zelotes
1150 1908 1161 1929 ‚
1179 1872 1236 1919 ad
1255 1872 1519 1920 distinctio-

149 2089 198 2133 (ι)
225 2087 329 2123 Cette
348 2085 502 2134 legende
520 2085 565 2120 de
585 2085 678 2119 saint
697 2085 861 2119 Mathieu
876 2091 928 2118 est
948 2096 1079 2119 encore
1098 2086 1314 2131 enipi-unice
1334 2085 1405 2119 sort
1422 2098 1521 2120 cxacr

105 2154 242 2183 tement
256 2175 264 2187 ,
281 2145 547 2193 sausquelques
563 2144 888 2187 retrancheiwnts,
908 2156 953 2179 au
971 2143 1054 2178 saux
1073 2144 1221 2178 Abdias.
1239 2144 1301 2179 Ou
1318 2145 1385 2178 sait
1404 2145 1432 2178 si
1453 2157 1521 2191 peu

103 2207 149 2243 de
168 2208 278 2242 chose
296 2218 358 2241 sur
372 2206 404 2241 la
422 2207 476 2240 vie
490 2212 526 2240 et
543 2205 575 2239 la
594 2211 691 2239 mort
705 2204 750 2240 (le
769 2212 825 2239 cet
843 2203 989 2252 apotre,
1010 2204 1100 2252 qu'il
1123 2204 1213 2239 n'est
1228 2217 1288 2251 pas
1306 2205 1424 2239 nieme
1442 2217 1519 2240 cer-

104 2270 181 2304 tain
199 2267 288 2316 qu'il
306 2268 356 2302 ait
375 2266 523 2301 soullert
542 2266 573 2301 le
599 2273 772 2313 martyre.
798 2267 871 2300 Son
894 2257 1062 2313 Evangilc
1083 2278 1103 2299 a
1129 2267 1186 2300 cte
1204 2278 1248 2300 en
1268 2265 1352 2301 esset
1369 2267 1459 2301 ecrit
1477 2279 1523 2301 en

107 2330 263 2371 hebreu‚
281 2341 328 2363 ou
347 2327 464 2374 plutot
477 2340 521 2361 cn
543 2340 572 2372 s)
586 2326 880 2374 ro·clial‹la'i'que,
901 2339 970 2373 peu
989 2326 1034 2360 dc
1058 2333 1173 2372 temps
1192 2328 1296 2373 apri-s
1314 2326 1346 2360 la
1366 2334 1462 2361 niort
1479 2327 1524 2361 dc

104 2388 353 2424 Jesus-Christ
366 2415 374 2430 ‚
403 2393 439 2421 et
457 2385 598 2420 bientot
623 2386 761 2420 traduit
779 2398 825 2420 cn
850 2399 945 2431 grec.
969 2386 1069 2421 Nous
1088 2398 1197 2421 avons
1215 2385 1295 2433 deja
1320 2399 1365 2420 vu
1385 2387 1456 2422 citc'
1473 2388 1524 2422 ci—

107 2449 231 2484 ‹lessus
250 2451 306 2496 (p.
334 2449 409 2495 ¹29)
427 2447 458 2481 lc
477 2447 541 2481 fait
555 2446 600 2481 de
614 2446 646 2480 la
666 2446 882 2482 dccouvcrtc
902 2446 988 2481 d'un
1003 2448 1202 2482 manuscrit
1217 2447 1261 2481 dc
1280 2455 1336 2482 cet
1356 2439 1525 2494 Evangilc

108 2509 197 2544 dans
219 2508 253 2543 le
276 2508 445 2543 tombcau
471 2506 516 2541 de
543 2507 637 2540 saint
656 2506 840 2549 Barnabc,
863 2519 939 2541 vers
968 2506 1107 2541 l’annee
1134 2507 1212 2549 488.
1241 2508 1291 2542 Ce
1316 2520 1361 2542 ne
1380 2509 1527 2555 pouvait

110 2581 171 2615 pas
190 2568 267 2603 eti-e
285 2568 317 2603 lc
342 2574 436 2602 tcxtc
453 2566 624 2613 original.
645 2579 786 2601 comme
802 2573 906 2601 notre
923 2573 1054 2601 auteur
1068 2566 1099 2601 lc
1120 2567 1274 2614 pretend
1287 2596 1296 2610 ‚
1319 2568 1406 2602 mais
1421 2567 1524 2615 quel-

110 2641 181 2676 que
208 2630 347 2663 version
378 2639 554 2675 grecque,
586 2626 778 2674 puisqu'on
803 2639 824 2673 y
849 2626 944 2660 lisait
975 2626 1160 2673 l’evangile
1186 2626 1235 2661 du
1258 2627 1346 2673 jour
1370 2627 1402 2661 le
1422 2626 1525 2672 jeudi

112 2689 222 2730 saint,
243 2689 332 2723 dans
353 2688 383 2722 la
404 2686 565 2734 chapelle
583 2686 632 2720 du
659 2687 769 2733 palais
786 2689 805 2721 a
824 2685 1145 2733 Constantinoplc‚
1168 2688 1271 2733 apres
1288 2699 1358 2733 quc
1379 2685 1527 2733 l'cmpe-

113 2761 197 2783 reur
217 2749 343 2783 Zenon
365 2749 408 2794 l‘y
430 2755 492 2783 eut
511 2747 657 2794 depose.
