1738 3043
161 200 210 237 64
529 196 768 235 HISTORIA
801 196 1198 236 ECCLESIASTICA.

162 287 335 324 matur.
361 275 631 331 llaeredem,
652 286 884 340 quantum
899 278 956 323 ad
979 296 1050 335 se,
1073 278 1247 325 occidit
1261 314 1273 335 ‚
1300 280 1382 343 qui
1398 279 1572 326 Filium

163 356 246 402 Dei
268 354 640 410 conculcaverit,
669 364 717 401 et
743 354 937 419 Spiritui
959 355 1123 418 gratiae
1146 355 1482 403 contumeliam
1502 356 1574 404 fe-

164 432 298 479 cerit.
328 430 519 478 Perdito
537 429 662 478 malo
686 431 894 489 cultore,
916 432 992 477 alii
1014 432 1148 479 vinca
1170 432 1309 479 datur
1322 451 1336 489 ;
1362 431 1477 479 dum
1494 433 1575 481 do-

164 527 281 555 num
299 508 487 573 gratiae,
507 507 635 574 quod
650 507 879 572 superbus
893 508 1050 574 perdit
1063 545 1076 567 ,
1096 509 1285 556 humilis
1301 510 1571 574 accipit(1).

229 587 440 632 Tertiam
477 584 747 650 parabolam
781 586 838 634 de
870 587 1049 651 nuptiis
1084 586 1253 644 edidit,
1292 605 1408 652 quas
1438 598 1573 652 pater

163 680 247 709 rex
273 662 374 710 filio
409 679 495 710 suo
526 661 662 719 fecit,
701 672 748 709 et
784 663 1005 709 invitatos
1039 673 1392 728 contemptores
1425 664 1576 711 missis

164 738 449 786 exercitibus
473 738 632 803 puniit
655 738 744 802 (2).

230 816 449 863 Pharisaei
488 834 596 862 cum
629 815 907 863 Herodianis
942 827 1244 864 tentaverunt
1271 818 1306 864 si
1332 817 1442 866 licet
1465 835 1578 865 cen-

165 913 272 942 sum
300 894 399 941 dari
425 895 595 941 Caesari
611 930 623 952 ,
648 912 706 940 an
733 911 850 941 non.
873 894 1039 942 Delato
1061 895 1370 953 nomismate,
1392 912 1580 960 respon·

166 971 238 1018 dit
262 972 392 1018 Jesus
415 992 424 1017 :
448 970 657 1016 Reddite
685 970 871 1017 Coesari
891 989 999 1035 qace
1017 983 1125 1018 sant
1144 973 1377 1030 Caesaris,
1405 983 1449 1018 et
1474 972 1580 1019 Deo

168 1067 277 1115 qua?
299 1050 396 1096 Dei
420 1060 529 1095 sunt
550 1049 638 1110 (3).

233 1126 442 1173 Saducaei
475 1142 667 1190 quoque
700 1135 1004 1173 tentaverunt
1035 1126 1092 1173 de
1121 1127 1321 1174 muliere
1347 1143 1455 1192 quae
1483 1142 1582 1190 sep-

170 1215 268 1252 tem
297 1205 424 1252 viros
456 1202 647 1260 habuit3
675 1205 805 1267 cujus
841 1204 889 1249 in
922 1204 1271 1252 resurrectione
1297 1203 1457 1251 futura
1487 1200 1583 1251 sit?

168 1284 299 1330 Jesus
322 1299 436 1330 vero
461 1280 706 1346 respondit
741 1299 751 1324 :
786 1282 1006 1339 Erratis,
1030 1283 1290 1329 nescientes
1320 1283 1583 1348 scripturas

170 1378 321 1425 neque
352 1361 573 1406 virtutem
605 1360 715 1405 Dei.
751 1360 810 1405 In
839 1362 1174 1406 resurrectione
1196 1377 1308 1407 vero
1331 1377 1480 1424 neque
1497 1377 1585 1405 ηα-

173 1439 279 1484 bent
307 1455 458 1502 neque
480 1437 739 1493 ηιιῦεηίανς
765 1437 854 1483 secl
870 1448 1004 1483 erunt
1028 1439 1152 1484 sieut
1176 1437 1343 1502 angeli
1365 1437 1416 1483 in
1441 1435 1581 1483 coelo.

173 1517 295 1563 Ecce
322 1516 478 1563 bonus
503 1516 724 1580 magister
743 1515 1043 1562 securitatem
1068 1515 1276 1561 insinuat
1299 1514 1406 1561 filiis
1432 1513 1585 1562 eccle-

173 1595 282 1651 siae,
320 1593 449 1658 quod
487 1603 784 1658 resurgentes
820 1592 1130 1656 perfruentur
1163 1592 1248 1639 Dei
1272 1592 1454 1639 visione
1485 1591 1586 1639 sine

173 1671 498 1735 corruptionis
523 1669 625 1717 labe
656 1671 747 1735 (4).
1509 1679 1511 1681 ’

238 1749 278 1794 Α
309 1749 422 1813 legis
453 1747 649 1795 doctore
673 1748 989 1812 interrogatus
1019 1747 1148 1812 quod
1172 1756 1290 1794 esset
1311 1744 1586 1792 mandatum

173 1842 400 1890 magnum
419 1824 468 1870 in
490 1824 588 1889 lege
601 1860 614 1882 ‚
635 1824 755 1870 dixit
772 1842 780 1867 :
798 1824 988 1888 Diliges
1004 1824 1262 1870 Dominum
1279 1822 1435 1869 Deum
1454 1831 1587 1868 taum

175 1919 236 1948 ez·
268 1913 362 1949 toto
393 1902 537 1948 corde
568 1912 646 1948 tuo
671 1913 713 1947 et
745 1919 806 1947 ex
838 1912 940 1948 tota
970 1902 1137 1948 anima
1171 1912 1254 1947 tua
1289 1911 1333 1946 et
1365 1917 1428 1947 ex·
1459 1900 1590 1945 omni

173 1991 325 2027 mente
345 1991 445 2026 tua.
476 1981 587 2027 Iloe
607 1991 674 2026 est
696 1981 965 2026 maximum
989 1991 1032 2027 et
1047 1981 1263 2046 primam
1281 1977 1583 2025 mandatum.

176 2058 455 2105 Secundum
477 2069 637 2104 autem
661 2058 818 2104 simile
846 2069 913 2105 est
935 2057 1076 2104 haic.-
1103 2057 1295 2122 Diliges
1301 2057 1587 2122 proximum

175 2146 308 2181 tuum
324 2137 449 2182 sieut
472 2136 692 2200 teipsam.
717 2135 779 2181 In
801 2135 874 2182 his
901 2135 1084 2181 duobus
1101 2133 1346 2181 mandatis
1368 2135 1587 2181 universa

221 2331 272 2374 (ι)
296 2330 426 2365 matth.
444 2342 516 2373 xxi,
536 2329 670 2373 33-41;
690 2331 802 2365 Marc.
823 2342 890 2373 xii,
917 2343 999 2379 1-9;
1017 2331 1103 2366 Luc.
1119 2344 1182 2375 xx,
1201 2330 1304 2379 9-16.
1323 2351 1370 2358 -
1386 2332 1437 2377 (2)
1457 2331 1586 2367 Matth.

176 2400 246 2423 xxii
259 2416 268 2431 ,
298 2392 393 2430 1-14.

219 2445 269 2492 (5)
296 2447 425 2481 nauh.
459 2459 527 2482 xxii
541 2475 549 2491 ,
590 2447 715 2490 15-‘22;
744 2449 854 2483 Marc.
891 2461 936 2483 xn
955 2477 963 2492 ,
1003 2448 1131 2498 15-173
1168 2450 1256 2484 Luc.
1292 2461 1350 2493 xx,
1381 2447 1505 2484 20-26.
1539 2448 1588 2483 La

175 2506 290 2540 forme
307 2508 484 2540 nnmisma
502 2507 588 2541 emit
608 2507 688 2554 plus
703 2507 889 2542 conforme
903 2509 923 2542 ὲ
938 2507 1183 2555 l’etymologie
1202 2518 1358 2554 grecque
1375 2506 1420 2542 de
1434 2518 1474 2542 ce
1487 2513 1583 2550 mot,

174 2571 209 2599 et
228 2564 307 2611 plus
327 2565 594 2612 frequemment
613 2567 800 2613 employee
819 2579 863 2601 au
879 2579 1009 2614 moyen
1023 2567 1089 2614 fige
1106 2579 1177 2614 que
1191 2567 1372 2601 numisma
1387 2565 1450 2613 qui
1468 2577 1487 2600 a
1502 2565 1585 2612 pre-

176 2625 267 2660 valu.

565 2684 651 2693 nn.-

219 2687 268 2729 (4)
290 2686 420 2722 Manli.
440 2698 522 2727 xxii,
543 2695 673 2729 ‘zo-333
698 2688 806 2721 Marc.
829 2699 871 2720 xii
887 2716 894 2730 ,
921 2687 1046 2734 18-273
1068 2687 1150 2721 Luc.
1179 2698 1233 2729 xx,
1257 2686 1380 2732 27-40.
