1738 3043
222 247 301 287 238
589 244 835 285 HISTORIA
865 244 1271 286 ECCLESIASTICA.

289 327 434 375 Ortus
466 334 536 372 est
562 324 620 372 de
653 324 785 372 tribu
815 326 1088 391 Benjamin,
1121 343 1178 374 ex
1211 325 1454 391 pharisaeis
1483 325 1650 392 phari-

226 423 345 451 saeus
363 441 374 459 ‚
399 404 547 450 Tarso
567 402 748 450 Ciliciae
768 414 905 451 natus
920 441 931 461 ‚
956 403 1268 468 Jcrosolymis
1292 422 1315 450 a
1340 405 1544 469 pueritia
1564 422 1650 453 nu-

229 485 370 530 tritus
385 518 398 540 ,
417 493 465 530 et
484 483 532 529 in
552 482 652 547 lege
671 482 753 530 Dei
773 500 797 529 a
816 481 1074 530 Gamaliele
1090 482 1321 530 eruditus.
1341 484 1429 530 Hic
1445 482 1653 531 secundo

227 571 337 626 post
367 560 691 608 ascensionem
716 561 913 608 Domini
948 577 1102 618 anno,
1141 559 1256 606 dum
1282 561 1389 625 plus
1414 563 1546 625 justo
1574 578 1653 627 pa-

231 651 478 687 ternarum
497 638 814 685 traditionum
834 639 1088 686 aemulator
1111 639 1356 696 existeret,
1384 638 1585 705 ideoque
1606 639 1655 686 in

232 716 528 764 Christianos
546 715 804 764 admodum
827 717 1039 773 saeviret,
1065 727 1111 763 et
1131 733 1237 763 cum
1263 715 1495 780 principis
1513 733 1659 764 sacer-

231 795 402 842 dotum
424 793 636 858 epistolis
656 793 704 839 in
725 794 1007 840 Damascum
1028 794 1144 850 iret,
1164 802 1219 839 ut
1237 810 1402 840 omnes
1424 791 1487 840 ibi
1507 793 1659 840 Chris·

233 873 398 920 ticolas
418 872 700 930 trucidaret,
723 873 1113 936 appropinquans
1133 871 1267 929 urbi,
1291 871 1453 920 subito
1471 872 1660 920 insolita

235 950 339 998 luce
365 949 711 1009 circumdatus,
737 960 879 1014 atque
909 949 1088 995 coelesti
1114 966 1229 996 voce
1255 949 1449 997 Domini
1468 951 1578 998 Jesu
1604 966 1662 997 ex

237 1030 479 1093 insperato
516 1037 792 1092 correptus,
831 1025 1086 1073 salubriter
1129 1026 1187 1073 ad
1230 1037 1407 1074 terram
1449 1027 1659 1083 corruit,

236 1107 497 1170 amissaque
521 1106 721 1170 pristina
745 1105 934 1153 feritate
958 1105 1193 1161 surrexit;
1221 1115 1268 1152 et
1303 1105 1352 1151 in
1385 1106 1665 1152 Damascum

237 1202 260 1229 a
286 1181 544 1230 comitibus
571 1182 754 1228 itineris
786 1181 1074 1246 perductus,
1103 1181 1257 1228 tribus
1282 1180 1348 1228 ibi
1371 1180 1538 1230 diebus
1570 1181 1667 1227 im-

237 1278 324 1326 pos
348 1261 417 1307 sui
444 1260 624 1325 deguit.
650 1259 832 1308 Deinde
849 1259 1050 1325 jubente
1076 1260 1177 1307 Deo
1201 1270 1309 1325 post
1330 1270 1424 1308 tres
1443 1258 1503 1307 ab
1532 1261 1668 1307 Ana-

240 1339 319 1385 nia
344 1338 444 1386 dies
470 1338 553 1384 visi
563 1348 711 1395 tatuS,
741 1337 907 1395 fidem,
935 1355 1080 1404 quam
1107 1338 1492 1402 impugnaverat,
1514 1353 1668 1385 susce-

242 1418 340 1481 pit,
363 1427 410 1464 et
430 1415 694 1481 baptizatus
714 1415 927 1463 eamdem
946 1417 1122 1463 Judaeis
1142 1427 1190 1464 et
1205 1415 1427 1481 gentibus
1445 1409 1669 1464 audacter

243 1494 540 1559 przrdicavit3
569 1495 897 1559 incipiensque
919 1494 978 1540 ab
998 1495 1253 1543 Jerusalem
1271 1531 1284 1552 ,
1311 1512 1460 1561 usque
1482 1494 1540 1542 ad
1564 1494 1670 1560 Illy-

246 1573 402 1618 ricum
432 1582 479 1618 et
508 1570 719 1627 ltaliam,
747 1571 1087 1636 Hispaniasque
1112 1572 1183 1635 (1)
1209 1573 1464 1637 processit,
1493 1589 1546 1618 ac
1576 1589 1670 1620 no-

243 1667 354 1697 men
380 1648 555 1695 Christi
587 1647 849 1694 multarum
874 1649 1063 1713 populis
1097 1651 1336 1714 gentium,
1364 1649 1539 1716 quibus
1569 1667 1670 1698 non

246 1727 405 1774 suerat
422 1726 741 1782 declaratum,
772 1724 1112 1772 manifestavit.
1206 1750 1234 1779 ο
1621 1766 1629 1775 .

312 1805 460 1851 Lucas
496 1803 794 1868 Evangelista
811 1839 824 1860 ,
854 1803 986 1850 Pauli
1021 1821 1177 1852 comes
1204 1816 1250 1852 et
1275 1804 1497 1852 laborum
1521 1805 1673 1871 parti-

247 1901 381 1947 ceps,
413 1882 470 1929 de
505 1883 606 1947 ipso
639 1899 787 1947 usque
813 1882 860 1927 in
896 1881 1042 1930 finem
1068 1883 1321 1949 diligenter
1344 1883 1580 1950 digneque
1605 1883 1674 1932 lo-

247 1971 384 2006 cutus
413 1970 506 2016 est3
541 1970 589 2007 et
617 1961 714 2024 ejus
741 1960 983 2024 praecipue
1011 1971 1162 2026 gesta,
1194 1962 1377 2009 omissis
1407 1962 1535 2022 aliis,
1568 1961 1676 2008 sub-

247 2039 399 2085 tiliter
417 2048 696 2103 prosecutus
713 2049 798 2085 est.
827 2038 1003 2086 Arator
1021 2057 1240 2105 quoque,
1263 2051 1439 2087 sanctae
1463 2057 1674 2087 romanae

248 2116 454 2163 ecclesiae
480 2113 797 2163 subdiaconus
814 2151 827 2173 ,
855 2115 1117 2163 secundum
1142 2116 1250 2164 inde
1274 2116 1477 2164 Librum
1500 2116 1672 2176 edidit,

251 2192 541 2258 heroicoque
562 2203 720 2240 metro
745 2193 1091 2257 Apostolorum
1117 2193 1262 2240 Actus
1280 2193 1451 2241 devote
1475 2194 1672 2250 cecinit,

253 2282 298 2316 et
325 2271 452 2316 Pauli
482 2288 654 2335 agones
684 2281 731 2316 et
762 2271 1088 2328 tolerantiam,
1121 2271 1521 2338 naufragiumque
1544 2283 1677 2320 retu-

252 2347 325 2393 lit.
359 2346 583 2406 Quadam
613 2347 851 2395 sactorum
879 2351 975 2412 ejus
1006 2348 1113 2396 inde
1138 2347 1350 2398 breviter
1374 2361 1593 2415 excerpta
1624 2350 1673 2396 in

298 2579 346 2622 ξι)
372 2576 432 2613 On
453 2577 508 2611 n'a
529 2578 631 2623 point
645 2579 900 2613 connaissance
920 2591 991 2626 que
1006 2580 1100 2614 saint
1117 2579 1206 2614 Paul
1224 2581 1275 2614 ait
1289 2580 1448 2626 compris
1467 2578 1615 2625 1’Illyrie
1635 2580 1671 2614 ni

250 2637 441 2684 l'Espagne
467 2636 557 2670 dans
585 2649 638 2669 ses
664 2636 918 2683 predications.
943 2638 970 2672 ll
999 2651 1182 2681 annonce,
1212 2642 1231 2673 ἐι
1256 2639 1287 2672 la
1306 2639 1438 2682 verite,
1466 2638 1671 2674 l’intention

253 2699 406 2743 (Epftre
429 2710 506 2731 aux
527 2696 720 2735 Romaim,
749 2709 810 2740 xv,
835 2701 878 2740 al,
897 2705 934 2732 et
954 2698 1018 2745 28)
1043 2697 1168 2733 d'aller
1194 2705 1319 2745 poi-ter
1337 2697 1369 2733 la
1396 2698 1443 2733 soi
1471 2697 1560 2734 dans
1579 2704 1672 2733 cette

255 2755 423 2791 dvrnikre
441 2757 608 2798 contra»,
626 2755 715 2789 mais
733 2756 809 2789 rien
830 2756 995 2791 n’attcste
1015 2756 1102 2803 qu’il
1122 2756 1195 2791 l'ait
1214 2757 1394 2792 exe'cutec.
