1738 3043
636 195 789 233 LIBER
820 194 1027 234 PRIMUS.
1498 201 1547 237 83

127 294 302 342 corpus
338 279 447 326 Jesu
476 276 630 341 petiit.
667 275 753 322 Cui
787 293 985 339 praeses,
1028 294 1136 323 eum
1171 294 1279 325 eum
1316 277 1487 328 obiisse
1526 300 1550 328 a

129 356 411 403 centurione
440 354 767 419 cognovisset,
789 353 1024 417 permisit.
1052 354 1223 419 Joseph
1253 373 1366 422 ergo
1391 359 1546 415 venit,

128 443 176 480 et
192 450 364 497 corpus
379 433 488 478 Jesu
509 430 617 478 tulit
631 466 643 486 ,
662 440 709 477 et
729 441 962 477 mercatus
980 431 1231 479 sindonem
1246 469 1259 490 ‚
1280 433 1550 499 depositum

131 511 351 559 involvit.
394 509 539 557 Venit
577 519 736 556 autem
772 517 820 555 et
853 507 1145 556 Nicodemus
1177 509 1334 558 ferens
1368 513 1550 560 mixtu-

128 609 230 638 ram
249 589 462 656 myrrhae
481 598 527 636 et
545 588 670 635 aloes
688 587 819 653 quasi
838 585 982 634 libras
1000 598 1212 634 centum.
1233 590 1418 655 Corpus
1437 609 1551 657 ergo

126 670 236 716 Jesu
252 677 536 731 acceperunt
550 701 563 723 ,
583 676 630 712 et
650 665 808 712 linteis
825 664 942 712 illud
959 683 1069 712 cum
1088 667 1380 715 aromatibus
1395 705 1407 726 ,
1430 671 1553 717 sicut

127 764 230 795 mos
265 757 333 794 est
366 745 541 792 Judaeis
575 744 796 809 sepelire,
833 743 1118 809 ligaverunt.
1156 746 1274 792 Erat
1305 757 1463 794 autem
1503 750 1552 795 in

126 826 260 883 loco,
290 824 372 872 ubi
407 823 661 871 crucifixus
692 832 788 880 est,
822 823 1015 881 hortus,
1043 835 1091 870 et
1125 824 1170 870 in
1204 824 1349 872 horto
1376 843 1555 873 monu-

122 914 345 952 mentum
381 919 563 949 novum
599 901 648 947 in
682 911 815 965 petra
851 901 1090 958 excisum,
1120 902 1169 947 in
1201 919 1298 965 quo
1330 903 1551 950 nondum

123 981 379 1048 quisquam
401 980 584 1045 positus
605 979 778 1026 fuerat.
812 977 881 1024 lbi
903 996 1019 1043 ergo
1040 989 1242 1042 propter
1267 980 1552 1029 Parasceven

122 1058 426 1116 Judaeorum,
453 1058 561 1124 quia
582 1059 718 1121 juxta
737 1067 838 1103 erat
862 1067 1261 1115 monumentum,
1289 1070 1554 1122 posuerunt

122 1139 299 1186 Jesum.
330 1137 547 1184 Praefatae
571 1135 819 1192 mulieres,
852 1151 960 1200 quae
989 1135 1134 1199 magis
1163 1134 1409 1194 amabant,
1441 1154 1555 1184 con-

126 1227 197 1263 tra
229 1215 502 1281 sepulcrum
544 1212 799 1270 sedebant,
843 1223 890 1259 et
926 1211 1008 1258 ubi
1052 1224 1316 1277 poneretur
1354 1216 1554 1280 aspicie-

123 1293 241 1341 bant
259 1294 353 1357 (1).

188 1370 349 1418 Altera
381 1369 457 1417 die
486 1367 751 1416 sacerdotes
784 1378 832 1415 et
853 1366 1072 1432 pharisaei
1106 1367 1163 1414 de
1189 1367 1327 1415 dictis
1352 1370 1548 1417 Domini

119 1450 231 1498 Jesu
265 1449 485 1515 quaedam
520 1448 644 1494 male
679 1446 832 1494 Pilato
871 1456 1203 1511 suggesserunt
1215 1466 1229 1504 ;
1273 1464 1424 1513 eoque
1463 1467 1553 1495 an-

121 1538 301 1576 nuente
329 1526 534 1592 lapidem
559 1527 895 1591 signaverunt,
924 1523 1245 1590 adhibitisque
1274 1526 1550 1575 custodibus

121 1607 393 1672 sepulcrum
416 1605 702 1652 munierunt
724 1604 743 1667 (
750 1605 818 1667 2).

185 1685 329 1732 XIX.
359 1683 589 1745 Quaedam
613 1683 662 1730 in
689 1681 956 1747 evangelica
986 1682 1213 1748 leguntur
1241 1684 1545 1744 narratione,

119 1763 178 1811 de
201 1763 271 1810 his
290 1780 398 1828 quae
424 1763 473 1808 in
496 1761 735 1809 dominica
758 1760 877 1806 facta
902 1771 1014 1806 sunt
1035 1762 1410 1819 resurrectione,
1441 1780 1548 1828 quae

121 1857 220 1905 quo
257 1839 427 1887 ordine
459 1849 584 1903 gesta
619 1838 716 1883 sint
748 1837 838 1883 nisi
876 1836 1130 1902 diligenter
1163 1838 1545 1897 considerentur,

122 1918 433 1982 repugnantia
460 1915 547 1961 sibi
575 1925 776 1979 possunt
802 1914 969 1960 videri.
995 1914 1133 1960 Unde
1162 1915 1278 1979 quid
1302 1917 1547 1980 perspicax

119 1995 294 2042 divinae
331 1995 579 2059 scripturae
624 1993 933 2057 investigator
974 1991 1267 2056 Augustinus
1306 1994 1454 2051 dicat,
1497 2005 1545 2040 et

119 2073 234 2139 quid
255 2073 362 2120 inde
388 2074 435 2118 in
465 2076 538 2119 111⁰
558 2070 684 2118 libro
707 2071 764 2119 de
785 2069 1039 2117 concordia
1060 2071 1430 2134 Evangeliorum
1452 2071 1544 2118 dis-

117 2162 257 2208 serat,
275 2150 393 2198 libet
410 2149 650 2215 indagare;
667 2160 714 2196 et
725 2147 954 2206 eamdem,
970 2148 1092 2194 sicut
1102 2147 1268 2206 edidit,
1287 2149 1542 2197 lectionem

118 2228 194 2276 hic
222 2228 340 2276 mihi
364 2239 614 2276 annotare.
643 2228 720 2275 Sic
746 2227 875 2275 enim
908 2236 1018 2292 post
1049 2227 1220 2273 multas
1252 2228 1538 2292 quaestiones

117 2305 356 2354 declarans
380 2306 495 2352 dicit
526 2327 536 2352 ε
576 2305 775 2364 Omnia,
803 2322 912 2370 quoe
936 2306 1067 2352 circa
1089 2314 1275 2370 tempus
1300 2322 1539 2351 resurrec-

118 2385 260 2433 tionis
286 2385 490 2432 Domini
493 2384 645 2447 faeta
673 2395 806 2442 sunt,
841 2383 1105 2431 secundum
1128 2384 1338 2429 omnium
1365 2383 1415 2430 E
1418 2401 1538 2429 van-

115 2463 400 2527 gelistarum
436 2463 711 2510 testimonia
752 2463 802 2508 in
842 2480 939 2508 una
976 2460 1194 2526 quadam
1230 2461 1532 2517 narratione,

164 2657 215 2702 (x)
240 2658 370 2693 Matth.
401 2670 524 2702 xxx-1¹,
555 2657 689 2707 57-61;
723 2657 834 2692 Marc.
870 2668 932 2699 w,
967 2659 1098 2704 42-47;
1128 2658 1212 2692 Luc.
1249 2667 1367 2700 xxm,
1399 2653 1533 2696 50-553

119 2717 248 2752 Joann.
267 2730 348 2762 xxx,
367 2715 492 2760 38-42.
509 2736 555 2746 -·
570 2718 625 2763 (2)
640 2717 771 2752 matth.
797 2728 919 2759 nvn,
940 2715 1063 2750 62-66.
