1738 3043
209 238 261 272 20
575 229 814 267 HISTORIA
845 226 1245 266 ECCLESIASTICA.

213 315 370 361 travit.
416 312 618 374 Vespere
654 318 811 354 autem
850 306 1005 363 facto,
1049 324 1155 352 eum
1191 306 1261 353 sol
1295 303 1617 363 occubuisset,

212 392 388 438 multos
424 389 464 436 ei
498 383 781 436 obtulerunt
815 383 1130 432 daemoniacos
1162 394 1210 430 et
1251 383 1385 429 variis
1418 382 1622 448 languo-

209 469 340 516 ribus
364 476 571 514 vexatos
605 463 756 511 Verus
788 461 1020 509 archiater
1055 461 1250 527 singulis
1273 479 1438 508 manus
1464 462 1623 526 impo—

209 547 326 601 suit,
365 541 513 591 verbo
547 541 738 606 spiritus
774 540 909 604 ejecit
931 575 943 595 ,
977 549 1024 586 et
1049 542 1213 585 omnes
1244 538 1365 586 male
1398 537 1622 586 habentes

208 622 407 669 curavit.
430 618 666 667 Occubitu
690 617 799 664 solis
818 627 946 663 mors
965 616 1158 663 Domini
1179 616 1472 679 designatum
1498 624 1625 679 post-

209 717 352 765 quam
384 697 608 763 gentileS,
647 713 767 761 quos
803 694 992 741 daemon
1032 692 1327 757 possidebat,
1364 711 1450 758 per
1483 692 1624 741 fidem

209 777 500 833 liberantur,
529 785 576 822 et
599 773 764 836 {egroti
790 791 812 818 a
841 770 1021 819 morbis
1047 781 1378 836 peccatorum,
1406 770 1624 818 emenda-

211 856 345 904 tioris
371 855 482 901 vitae
501 852 712 900 remedio
737 861 962 896 sanantur
986 850 1079 914 (ι).

273 936 377 983 Vll.
416 931 590 979 Multas
634 928 793 976 turbas
831 927 993 975 videns
1030 929 1210 974 circum
1248 946 1321 985 se,
1361 944 1466 976 sero
1488 927 1628 991 jussit

208 1008 463 1073 discipulos
488 1023 595 1052 suos
620 1005 687 1051 ire
712 1014 842 1049 trans
866 1002 1070 1058 fretum3
1098 1020 1247 1066 eoque
1269 1001 1548 1049 ascendente
1578 1002 1624 1047 in

211 1086 506 1141 naviculam,
544 1081 761 1146 discipuli
799 1083 896 1145 ejus
935 1081 1080 1127 secuti
1114 1090 1226 1126 sunt
1256 1098 1381 1127 eum.
1419 1081 1629 1145 Dignum

208 1176 308 1212 erat
332 1175 385 1210 ut
401 1199 413 1220 ,
442 1163 565 1209 sicut
599 1161 649 1206 in
673 1169 799 1207 terra
822 1158 999 1206 fecerat
1021 1158 1245 1204 miracula
1265 1194 1278 1216 ,
1306 1159 1371 1204 sic
1404 1158 1545 1205 etiam
1580 1159 1628 1204 in

208 1243 328 1290 mari
364 1241 566 1296 faeeret3
607 1248 661 1284 ut
697 1255 744 1285 se
781 1246 923 1284 terrae
965 1237 1203 1302 marisque
1243 1236 1493 1284 dominum
1535 1252 1631 1283 esse

211 1319 563 1386 comprobaret.
593 1319 832 1382 Ingressus
856 1333 969 1380 ergo
990 1317 1038 1362 in
1060 1315 1326 1362 naviculam
1341 1352 1354 1375 ,
1375 1331 1505 1361 mare
1524 1306 1632 1361 tur-

210 1401 311 1448 bari
347 1399 485 1454 fecit,
523 1405 690 1443 ventos
724 1395 1011 1452 commovit,
1049 1394 1313 1458 fluctusque
1351 1392 1628 1440 concitavit.

212 1480 314 1542 Ipse
352 1493 465 1523 vero
502 1471 770 1521 dormiebat
803 1489 1031 1536 corpore,
1068 1470 1148 1517 sed
1183 1470 1409 1535 rigilabat
1444 1462 1629 1525 mente3

212 1572 354 1619 quem
372 1563 476 1600 orta
495 1559 771 1614 tempestate
783 1548 1000 1612 discipuli
1017 1549 1381 1604 suscitaverunt,
1395 1546 1628 1594 dicentes:

213 1633 444 1688 Domine,
472 1629 608 1676 salva
626 1646 712 1675 nos
725 1650 745 1683 ;
766 1628 1001 1693 perimus.
1025 1628 1162 1673 Tune
1179 1644 1400 1691 surgens,
1426 1626 1635 1690 impera-

214 1711 281 1756 vit
305 1709 458 1756 ventis
482 1717 530 1754 et
554 1707 671 1752 mari
689 1741 701 1763 ,
730 1715 777 1752 et
796 1704 916 1751 facta
935 1715 1004 1752 est
1022 1705 1342 1769 tranquillitas
1361 1721 1528 1769 magna
1546 1705 1630 1767 (2).

217 1789 292 1834 Sic
321 1786 443 1833 idem
466 1786 513 1831 in
535 1784 632 1831 salo
653 1783 788 1847 hujus
812 1783 955 1830 seculi
980 1783 1264 1829 Emmanuel
1288 1781 1503 1848 quotidie
1521 1798 1637 1845 ope-

217 1877 374 1922 ratur,
407 1864 525 1911 dum
555 1863 685 1909 navis
718 1862 923 1908 eeclesiae
960 1880 1056 1908 suae
1089 1862 1381 1908 diversarum
1416 1858 1638 1924 procellis

219 1942 589 1990 tribulationum
607 1942 814 2003 jactatur
829 1975 842 1996 ,
872 1949 919 1986 et
937 1956 1058 2004 pene
1084 1938 1415 1985 discriminum
1433 1936 1640 1985 enormi-

221 2033 314 2069 tate
345 2019 659 2086 periclitatur.
699 2016 790 2064 Sed
825 2018 935 2082 quia
969 2035 1078 2063 cum
1111 2016 1202 2064 fide
1232 2014 1457 2063 flebiliter
1486 2033 1511 2061 a
1545 2015 1638 2061 suis

221 2102 470 2146 invocatur
485 2131 498 2153 ,
526 2104 703 2159 praesto
726 2093 855 2141 adest
871 2130 885 2151 ,
911 2105 959 2141 et
977 2095 1155 2139 virtute
1174 2093 1359 2139 deitatis
1381 2109 1478 2138 suae
1495 2091 1640 2154 mira-

220 2176 382 2222 biliter
406 2174 470 2220 eis
494 2171 776 2234 suffragatur
792 2205 805 2225 ,
832 2180 879 2216 et
902 2170 1136 2216 continuo
1161 2167 1327 2214 sedatis
1354 2168 1637 2214 tentationi-

224 2251 313 2298 bus
338 2251 529 2297 fortiter
552 2246 832 2310 opitulatur.

289 2330 442 2373 Trans
481 2325 660 2371 fretum
702 2339 811 2368 cum
849 2324 1051 2370 venisset
1075 2324 1123 2369 in
1167 2324 1412 2389 regionem
1450 2323 1642 2371 Gerase-

226 2423 430 2464 norum,
455 2405 550 2451 duo
577 2403 685 2450 saevi
722 2401 862 2447 nimis
896 2403 969 2464 (ὃ)
988 2438 1002 2459 ,
1033 2401 1257 2450 habentes
1283 2401 1545 2459 daemonia,
1583 2401 1640 2449 de

275 2630 470 2675 (1)Matth.
491 2641 574 2672 vm,
600 2631 726 2676 14-173
747 2628 903 2670 Marc.1‚
920 2625 1048 2673 29-'543
1070 2626 1153 2660 Luc.
1174 2637 1221 2667 ιν,
1243 2624 1489 2669 38-41.—(2)
1507 2623 1638 2658 Matth.

229 2701 320 2732 vm,
346 2690 470 2736 18-273
491 2688 602 2722 Marc.
627 2699 676 2731 1v,
697 2686 826 2734 35-493
848 2687 933 2720 Luc.
956 2698 1046 2729 vm,
1067 2683 1190 2719 22-25.

274 2748 323 2791 (5)
345 2749 390 2783 Le
417 2755 512 2783 texte
536 2748 580 2783 de
606 2749 697 2783 saint
723 2747 883 2784 Matbieu
907 2752 960 2780 est
984 2746 1063 2792 plus
1089 2745 1177 2780 clair
1206 2761 1210 2777 z
1243 2744 1488 2780 Occurrerunt
1508 2745 1541 2779 εἰ
1567 2742 1638 2778 duo
