<?xml version="1.0" encoding="UTF-8"?>
<!DOCTYPE html PUBLIC "-//W3C//DTD XHTML 1.0 Transitional//EN"
    "http://www.w3.org/TR/xhtml1/DTD/xhtml1-transitional.dtd">
<html xmlns="http://www.w3.org/1999/xhtml" xml:lang="en" lang="en">
 <head>
  <title>
</title>
<meta http-equiv="Content-Type" content="text/html;charset=utf-8" />
  <meta name='ocr-system' content='tesseract 3.04.00' />
  <meta name='ocr-capabilities' content='ocr_page ocr_carea ocr_par ocr_line ocrx_word'/>
</head>
<body>
  <div class='ocr_page' id='page_1' title='image "./ordericivitalish01ordeuoft/ordericivitalish01ordeuoft_0393.png"; bbox 0 0 1738 3043; ppageno 0'>
   <div class='ocr_carea' id='block_1_1' title="bbox 38 228 1513 2703">
    <p class='ocr_par' dir='ltr' id='par_1_1' title="bbox 40 228 1464 1524">
     <span class='ocr_line' id='line_1_1' title="bbox 521 228 1459 272; baseline 0.004 -4"><span class='ocrx_word' id='word_1_1' title='bbox 521 228 674 269; x_wconf 86' lang='lat' dir='ltr'>LIBER</span> <span class='ocrx_word' id='word_1_2' title='bbox 701 229 980 269; x_wconf 84' lang='lat' dir='ltr'><strong>SECUNDUS.</strong></span> <span class='ocrx_word' id='word_1_3' title='bbox 1381 234 1459 272; x_wconf 77' lang='lat'>36¹.)</span> 
     </span>
     <span class='ocr_line' id='line_1_2' title="bbox 44 308 1456 375; baseline 0.003 -20"><span class='ocrx_word' id='word_1_4' title='bbox 44 308 242 374; x_wconf 80' lang='lat' dir='ltr'>virginis</span> <span class='ocrx_word' id='word_1_5' title='bbox 267 319 314 356; x_wconf 87' lang='lat' dir='ltr'>et</span> <span class='ocrx_word' id='word_1_6' title='bbox 342 310 564 374; x_wconf 83' lang='lat' dir='ltr'>martyris</span> <span class='ocrx_word' id='word_1_7' title='bbox 600 309 799 365; x_wconf 80' lang='lat' dir='ltr'>indixit,</span> <span class='ocrx_word' id='word_1_8' title='bbox 830 310 1077 375; x_wconf 83' lang='lat' dir='ltr'>ipsumque</span> <span class='ocrx_word' id='word_1_9' title='bbox 1106 320 1153 357; x_wconf 86' lang='lat' dir='ltr'>et</span> <span class='ocrx_word' id='word_1_10' title='bbox 1174 327 1340 358; x_wconf 91' lang='lat' dir='ltr'>omnes</span> <span class='ocrx_word' id='word_1_11' title='bbox 1370 329 1456 360; x_wconf 91' lang='lat' dir='ltr'>co·-</span> 
     </span>
     <span class='ocr_line' id='line_1_3' title="bbox 41 386 1458 451; baseline 0.004 -19"><span class='ocrx_word' id='word_1_12' title='bbox 41 387 179 434; x_wconf 89' lang='lat' dir='ltr'>mites</span> <span class='ocrx_word' id='word_1_13' title='bbox 206 387 328 433; x_wconf 91' lang='lat' dir='ltr'>illius</span> <span class='ocrx_word' id='word_1_14' title='bbox 361 405 412 432; x_wconf 87' lang='lat' dir='ltr'>ac</span> <span class='ocrx_word' id='word_1_15' title='bbox 444 386 610 444; x_wconf 85' lang='lat' dir='ltr'>duces,</span> <span class='ocrx_word' id='word_1_16' title='bbox 644 397 969 451; x_wconf 84' lang='lat' dir='ltr'>cunctumque</span> <span class='ocrx_word' id='word_1_17' title='bbox 990 388 1249 434; x_wconf 75' lang='lat' dir='ltr'>exercitum</span> <span class='ocrx_word' id='word_1_18' title='bbox 1276 399 1323 435; x_wconf 90' lang='lat' dir='ltr'>et</span> <span class='ocrx_word' id='word_1_19' title='bbox 1353 406 1458 437; x_wconf 79' lang='lat' dir='ltr'>om-</span> 
     </span>
     <span class='ocr_line' id='line_1_4' title="bbox 43 463 1461 531; baseline 0.001 -21"><span class='ocrx_word' id='word_1_20' title='bbox 43 480 151 510; x_wconf 85' lang='lat' dir='ltr'>nem</span> <span class='ocrx_word' id='word_1_21' title='bbox 173 463 407 528; x_wconf 90' lang='lat' dir='ltr'>populum</span> <span class='ocrx_word' id='word_1_22' title='bbox 431 464 678 528; x_wconf 85' lang='lat' dir='ltr'>utriusque</span> <span class='ocrx_word' id='word_1_23' title='bbox 701 480 835 509; x_wconf 77' lang='lat' dir='ltr'>sexus</span> <span class='ocrx_word' id='word_1_24' title='bbox 860 480 1062 510; x_wconf 86' lang='lat' dir='ltr'>numero</span> <span class='ocrx_word' id='word_1_25' title='bbox 1089 482 1150 510; x_wconf 75' lang='lat' dir='ltr'>xv</span> <span class='ocrx_word' id='word_1_26' title='bbox 1176 465 1321 511; x_wconf 87' lang='lat' dir='ltr'>millia</span> <span class='ocrx_word' id='word_1_27' title='bbox 1347 465 1461 531; x_wconf 91' lang='lat' dir='ltr'>bap-</span> 
     </span>
     <span class='ocr_line' id='line_1_5' title="bbox 46 540 1461 605; baseline 0.001 -18"><span class='ocrx_word' id='word_1_28' title='bbox 46 541 222 599; x_wconf 84' lang='lat' dir='ltr'>tizavit.</span> <span class='ocrx_word' id='word_1_29' title='bbox 257 541 485 588; x_wconf 79' lang='lat' dir='ltr'>Praefatus</span> <span class='ocrx_word' id='word_1_30' title='bbox 508 557 621 589; x_wconf 84' lang='lat' dir='ltr'>vero</span> <span class='ocrx_word' id='word_1_31' title='bbox 649 540 745 586; x_wconf 85' lang='lat' dir='ltr'>dux</span> <span class='ocrx_word' id='word_1_32' title='bbox 778 541 1002 605; x_wconf 68' lang='lat' dir='ltr'>magistro</span> <span class='ocrx_word' id='word_1_33' title='bbox 1036 559 1121 588; x_wconf 89' lang='lat' dir='ltr'>suo</span> <span class='ocrx_word' id='word_1_34' title='bbox 1153 542 1282 588; x_wconf 88' lang='lat' dir='ltr'>dedit</span> <span class='ocrx_word' id='word_1_35' title='bbox 1313 544 1461 589; x_wconf 90' lang='lat' dir='ltr'>multa</span> 
     </span>
     <span class='ocr_line' id='line_1_6' title="bbox 42 619 1460 684; baseline 0.001 -18"><span class='ocrx_word' id='word_1_36' title='bbox 42 637 240 667; x_wconf 91' lang='lat' dir='ltr'>munera</span> <span class='ocrx_word' id='word_1_37' title='bbox 263 620 362 666; x_wconf 89' lang='lat' dir='ltr'>auri</span> <span class='ocrx_word' id='word_1_38' title='bbox 394 630 440 667; x_wconf 88' lang='lat' dir='ltr'>et</span> <span class='ocrx_word' id='word_1_39' title='bbox 462 620 668 684; x_wconf 78' lang='lat' dir='ltr'>argenti,</span> <span class='ocrx_word' id='word_1_40' title='bbox 700 630 753 665; x_wconf 90' lang='lat' dir='ltr'>ut</span> <span class='ocrx_word' id='word_1_41' title='bbox 777 619 945 666; x_wconf 83' lang='lat' dir='ltr'>exinde</span> <span class='ocrx_word' id='word_1_42' title='bbox 969 620 1222 668; x_wconf 79' lang='lat' dir='ltr'>fabricaret</span> <span class='ocrx_word' id='word_1_43' title='bbox 1247 623 1460 669; x_wconf 79' lang='lat' dir='ltr'>ecclesias</span> 
     </span>
     <span class='ocr_line' id='line_1_7' title="bbox 44 697 1458 763; baseline 0.001 -19"><span class='ocrx_word' id='word_1_44' title='bbox 44 697 352 745; x_wconf 87' lang='lat' dir='ltr'>inhonorem</span> <span class='ocrx_word' id='word_1_45' title='bbox 377 698 588 747; x_wconf 88' lang='lat' dir='ltr'>Domini.</span> <span class='ocrx_word' id='word_1_46' title='bbox 616 697 795 743; x_wconf 84' lang='lat' dir='ltr'>Praedia</span> <span class='ocrx_word' id='word_1_47' title='bbox 829 698 971 744; x_wconf 90' lang='lat' dir='ltr'>etiam</span> <span class='ocrx_word' id='word_1_48' title='bbox 1006 698 1212 762; x_wconf 81' lang='lat' dir='ltr'>ingentia</span> <span class='ocrx_word' id='word_1_49' title='bbox 1245 710 1290 746; x_wconf 90' lang='lat' dir='ltr'>et</span> <span class='ocrx_word' id='word_1_50' title='bbox 1324 701 1458 763; x_wconf 89' lang='lat' dir='ltr'>plura</span> 
     </span>
     <span class='ocr_line' id='line_1_8' title="bbox 42 773 1463 839; baseline 0.002 -18"><span class='ocrx_word' id='word_1_51' title='bbox 42 773 271 823; x_wconf 85' lang='lat' dir='ltr'>beneficia</span> <span class='ocrx_word' id='word_1_52' title='bbox 297 793 405 821; x_wconf 91' lang='lat' dir='ltr'>cum</span> <span class='ocrx_word' id='word_1_53' title='bbox 429 775 577 821; x_wconf 77' lang='lat' dir='ltr'>vineis</span> <span class='ocrx_word' id='word_1_54' title='bbox 603 785 649 822; x_wconf 87' lang='lat' dir='ltr'>et</span> <span class='ocrx_word' id='word_1_55' title='bbox 672 775 934 822; x_wconf 69' lang='lat' dir='ltr'>vernaculis</span> <span class='ocrx_word' id='word_1_56' title='bbox 956 776 1005 821; x_wconf 91' lang='lat' dir='ltr'>in</span> <span class='ocrx_word' id='word_1_57' title='bbox 1025 777 1269 839; x_wconf 79' lang='lat' dir='ltr'>provincia</span> <span class='ocrx_word' id='word_1_58' title='bbox 1292 778 1463 824; x_wconf 88' lang='lat' dir='ltr'>Lemo-</span> 
     </span>
     <span class='ocr_line' id='line_1_9' title="bbox 43 851 1460 909; baseline 0.001 -11"><span class='ocrx_word' id='word_1_59' title='bbox 43 851 219 899; x_wconf 88' lang='lat' dir='ltr'>vicensi</span> <span class='ocrx_word' id='word_1_60' title='bbox 248 851 468 909; x_wconf 82' lang='lat' dir='ltr'>tradidit,</span> <span class='ocrx_word' id='word_1_61' title='bbox 493 862 548 897; x_wconf 88' lang='lat' dir='ltr'>ut</span> <span class='ocrx_word' id='word_1_62' title='bbox 577 851 745 899; x_wconf 80' lang='lat' dir='ltr'>exinde</span> <span class='ocrx_word' id='word_1_63' title='bbox 776 851 951 898; x_wconf 88' lang='lat' dir='ltr'>faceret</span> <span class='ocrx_word' id='word_1_64' title='bbox 977 851 1278 900; x_wconf 83' lang='lat' dir='ltr'>nobilitatem</span> <span class='ocrx_word' id='word_1_65' title='bbox 1312 854 1460 901; x_wconf 86' lang='lat' dir='ltr'>eccle—</span> 
     </span>
     <span class='ocr_line' id='line_1_10' title="bbox 42 928 1462 995; baseline 0.001 -19"><span class='ocrx_word' id='word_1_66' title='bbox 42 929 247 986; x_wconf 85' lang='lat' dir='ltr'>siarum,</span> <span class='ocrx_word' id='word_1_67' title='bbox 282 947 396 994; x_wconf 86' lang='lat' dir='ltr'>quas</span> <span class='ocrx_word' id='word_1_68' title='bbox 422 928 737 975; x_wconf 86' lang='lat' dir='ltr'>fabricaturus</span> <span class='ocrx_word' id='word_1_69' title='bbox 766 940 910 985; x_wconf 88' lang='lat' dir='ltr'>esset,</span> <span class='ocrx_word' id='word_1_70' title='bbox 946 939 993 975; x_wconf 83' lang='lat' dir='ltr'>et</span> <span class='ocrx_word' id='word_1_71' title='bbox 1018 947 1212 977; x_wconf 82' lang='lat' dir='ltr'>omnem</span> <span class='ocrx_word' id='word_1_72' title='bbox 1243 930 1462 995; x_wconf 82' lang='lat' dir='ltr'>indigen-</span> 
     </span>
     <span class='ocr_line' id='line_1_11' title="bbox 40 1006 1454 1072; baseline 0.002 -20"><span class='ocrx_word' id='word_1_73' title='bbox 40 1007 155 1054; x_wconf 86' lang='lat' dir='ltr'>tiam</span> <span class='ocrx_word' id='word_1_74' title='bbox 181 1007 492 1064; x_wconf 63' lang='lat' dir='ltr'>clefflcorum,</span> <span class='ocrx_word' id='word_1_75' title='bbox 520 1008 601 1072; x_wconf 79' lang='lat' dir='ltr'>qui</span> <span class='ocrx_word' id='word_1_76' title='bbox 629 1008 677 1053; x_wconf 92' lang='lat' dir='ltr'>in</span> <span class='ocrx_word' id='word_1_77' title='bbox 703 1006 874 1054; x_wconf 86' lang='lat' dir='ltr'>eisdem</span> <span class='ocrx_word' id='word_1_78' title='bbox 903 1006 1002 1054; x_wconf 92' lang='lat' dir='ltr'>Deo</span> <span class='ocrx_word' id='word_1_79' title='bbox 1029 1008 1249 1054; x_wconf 75' lang='lat' dir='ltr'>servituri</span> <span class='ocrx_word' id='word_1_80' title='bbox 1275 1019 1454 1066; x_wconf 84' lang='lat' dir='ltr'>essent,</span> 
     </span>
     <span class='ocr_line' id='line_1_12' title="bbox 41 1083 1464 1153; baseline 0.001 -22"><span class='ocrx_word' id='word_1_81' title='bbox 41 1085 299 1150; x_wconf 83' lang='lat' dir='ltr'>suppleret.</span> <span class='ocrx_word' id='word_1_82' title='bbox 318 1086 431 1131; x_wconf 85' lang='lat' dir='ltr'>Post</span> <span class='ocrx_word' id='word_1_83' title='bbox 449 1083 549 1131; x_wconf 84' lang='lat' dir='ltr'>haec</span> <span class='ocrx_word' id='word_1_84' title='bbox 565 1084 794 1149; x_wconf 84' lang='lat' dir='ltr'>hospitale</span> <span class='ocrx_word' id='word_1_85' title='bbox 813 1102 1075 1150; x_wconf 88' lang='lat' dir='ltr'>pauperum</span> <span class='ocrx_word' id='word_1_86' title='bbox 1098 1086 1144 1132; x_wconf 90' lang='lat' dir='ltr'>in</span> <span class='ocrx_word' id='word_1_87' title='bbox 1165 1087 1464 1153; x_wconf 74' lang='lat' dir='ltr'>eleemosyna</span> 
     </span>
     <span class='ocr_line' id='line_1_13' title="bbox 41 1162 1464 1228; baseline 0.001 -17"><span class='ocrx_word' id='word_1_88' title='bbox 41 1162 193 1211; x_wconf 87' lang='lat' dir='ltr'>beatae</span> <span class='ocrx_word' id='word_1_89' title='bbox 217 1162 417 1210; x_wconf 83' lang='lat' dir='ltr'>Valeriae</span> <span class='ocrx_word' id='word_1_90' title='bbox 449 1162 587 1220; x_wconf 74' lang='lat' dir='ltr'>fecit,</span> <span class='ocrx_word' id='word_1_91' title='bbox 629 1164 676 1209; x_wconf 88' lang='lat' dir='ltr'>in</span> <span class='ocrx_word' id='word_1_92' title='bbox 711 1181 807 1227; x_wconf 89' lang='lat' dir='ltr'>quo</span> <span class='ocrx_word' id='word_1_93' title='bbox 843 1181 927 1210; x_wconf 88' lang='lat' dir='ltr'>ccc</span> <span class='ocrx_word' id='word_1_94' title='bbox 959 1181 1184 1228; x_wconf 83' lang='lat' dir='ltr'>pauperes</span> <span class='ocrx_word' id='word_1_95' title='bbox 1219 1165 1351 1212; x_wconf 88' lang='lat' dir='ltr'>omni</span> <span class='ocrx_word' id='word_1_96' title='bbox 1389 1164 1464 1213; x_wconf 84' lang='lat' dir='ltr'>die</span> 
     </span>
     <span class='ocr_line' id='line_1_14' title="bbox 41 1240 1459 1308; baseline 0.001 -21"><span class='ocrx_word' id='word_1_97' title='bbox 41 1240 234 1289; x_wconf 90' lang='lat' dir='ltr'>alendos</span> <span class='ocrx_word' id='word_1_98' title='bbox 258 1241 482 1287; x_wconf 83' lang='lat' dir='ltr'>instituit.</span> <span class='ocrx_word' id='word_1_99' title='bbox 511 1241 652 1287; x_wconf 90' lang='lat' dir='ltr'>Aliud</span> <span class='ocrx_word' id='word_1_100' title='bbox 674 1259 866 1307; x_wconf 85' lang='lat' dir='ltr'>quoque</span> <span class='ocrx_word' id='word_1_101' title='bbox 892 1243 1126 1300; x_wconf 86' lang='lat' dir='ltr'>instituit,</span> <span class='ocrx_word' id='word_1_102' title='bbox 1160 1244 1207 1288; x_wconf 93' lang='lat' dir='ltr'>in</span> <span class='ocrx_word' id='word_1_103' title='bbox 1233 1261 1330 1308; x_wconf 84' lang='lat' dir='ltr'>quo</span> <span class='ocrx_word' id='word_1_104' title='bbox 1358 1254 1459 1289; x_wconf 85' lang='lat' dir='ltr'>tur-</span> 
     </span>
     <span class='ocr_line' id='line_1_15' title="bbox 40 1317 1464 1383; baseline 0.003 -18"><span class='ocrx_word' id='word_1_105' title='bbox 40 1317 148 1365; x_wconf 89' lang='lat' dir='ltr'>bam</span> <span class='ocrx_word' id='word_1_106' title='bbox 169 1336 432 1383; x_wconf 86' lang='lat' dir='ltr'>pauperum</span> <span class='ocrx_word' id='word_1_107' title='bbox 456 1336 659 1367; x_wconf 90' lang='lat' dir='ltr'>numero</span> <span class='ocrx_word' id='word_1_108' title='bbox 684 1336 741 1365; x_wconf 85' lang='lat' dir='ltr'>Dc</span> <span class='ocrx_word' id='word_1_109' title='bbox 766 1320 984 1383; x_wconf 87' lang='lat' dir='ltr'>quotidie</span> <span class='ocrx_word' id='word_1_110' title='bbox 1006 1320 1134 1367; x_wconf 86' lang='lat' dir='ltr'>refici</span> <span class='ocrx_word' id='word_1_111' title='bbox 1159 1320 1367 1368; x_wconf 69' lang='lat' dir='ltr'>decrevit</span> <span class='ocrx_word' id='word_1_112' title='bbox 1380 1341 1393 1380; x_wconf 88' lang='lat'>;</span> <span class='ocrx_word' id='word_1_113' title='bbox 1416 1332 1464 1369; x_wconf 89' lang='lat' dir='ltr'>et</span> 
     </span>
     <span class='ocr_line' id='line_1_16' title="bbox 40 1396 1456 1462; baseline 0.002 -19"><span class='ocrx_word' id='word_1_114' title='bbox 40 1414 182 1462; x_wconf 86' lang='lat' dir='ltr'>super</span> <span class='ocrx_word' id='word_1_115' title='bbox 200 1396 442 1443; x_wconf 91' lang='lat' dir='ltr'>tumulum</span> <span class='ocrx_word' id='word_1_116' title='bbox 460 1396 660 1444; x_wconf 83' lang='lat' dir='ltr'>Valeriae</span> <span class='ocrx_word' id='word_1_117' title='bbox 683 1397 877 1461; x_wconf 74' lang='lat' dir='ltr'>virginis</span> <span class='ocrx_word' id='word_1_118' title='bbox 899 1407 945 1444; x_wconf 87' lang='lat' dir='ltr'>et</span> <span class='ocrx_word' id='word_1_119' title='bbox 968 1398 1194 1462; x_wconf 78' lang='lat' dir='ltr'>martyris</span> <span class='ocrx_word' id='word_1_120' title='bbox 1214 1399 1456 1446; x_wconf 82' lang='lat' dir='ltr'>ecclesiam</span> 
     </span>
     <span class='ocr_line' id='line_1_17' title="bbox 42 1475 328 1524; baseline -0.003 -2"><span class='ocrx_word' id='word_1_121' title='bbox 42 1475 328 1524; x_wconf 85' lang='lat' dir='ltr'>construxit.</span> 
     </span>
    </p>

    <p class='ocr_par' dir='ltr' id='par_1_2' title="bbox 38 1551 1513 2703">
     <span class='ocr_line' id='line_1_18' title="bbox 105 1551 1463 1618; baseline 0.001 -18"><span class='ocrx_word' id='word_1_122' title='bbox 105 1553 291 1600; x_wconf 82' lang='lat' dir='ltr'>Interea</span> <span class='ocrx_word' id='word_1_123' title='bbox 323 1551 589 1618; x_wconf 86' lang='lat' dir='ltr'>Stephanus</span> <span class='ocrx_word' id='word_1_124' title='bbox 621 1553 844 1617; x_wconf 89' lang='lat' dir='ltr'>princeps</span> <span class='ocrx_word' id='word_1_125' title='bbox 870 1552 1131 1599; x_wconf 89' lang='lat' dir='ltr'>Galliarum</span> <span class='ocrx_word' id='word_1_126' title='bbox 1150 1555 1284 1616; x_wconf 87' lang='lat' dir='ltr'>jussu</span> <span class='ocrx_word' id='word_1_127' title='bbox 1307 1554 1463 1601; x_wconf 88' lang='lat' dir='ltr'>Nero-</span> 
     </span>
     <span class='ocr_line' id='line_1_19' title="bbox 39 1629 1464 1697; baseline 0.001 -19"><span class='ocrx_word' id='word_1_128' title='bbox 39 1631 114 1679; x_wconf 89' lang='lat' dir='ltr'>nis</span> <span class='ocrx_word' id='word_1_129' title='bbox 134 1631 433 1696; x_wconf 86' lang='lat' dir='ltr'>imperatoris</span> <span class='ocrx_word' id='word_1_130' title='bbox 460 1630 643 1677; x_wconf 87' lang='lat' dir='ltr'>ltaliam</span> <span class='ocrx_word' id='word_1_131' title='bbox 666 1631 902 1695; x_wconf 85' lang='lat' dir='ltr'>perrexit,</span> <span class='ocrx_word' id='word_1_132' title='bbox 926 1629 1087 1696; x_wconf 87' lang='lat' dir='ltr'>ibique</span> <span class='ocrx_word' id='word_1_133' title='bbox 1110 1648 1218 1677; x_wconf 90' lang='lat' dir='ltr'>cum</span> <span class='ocrx_word' id='word_1_134' title='bbox 1246 1648 1293 1677; x_wconf 81' lang='grc' dir='ltr'>ιν</span> <span class='ocrx_word' id='word_1_135' title='bbox 1322 1631 1464 1697; x_wconf 80' lang='lat' dir='ltr'>legio-</span> 
     </span>
     <span class='ocr_line' id='line_1_20' title="bbox 38 1708 1513 1774; baseline -0.001 -17"><span class='ocrx_word' id='word_1_136' title='bbox 38 1709 180 1758; x_wconf 89' lang='lat' dir='ltr'>nibus</span> <span class='ocrx_word' id='word_1_137' title='bbox 212 1710 540 1774; x_wconf 86' lang='lat' dir='ltr'>praeliatorum</span> <span class='ocrx_word' id='word_1_138' title='bbox 565 1727 643 1757; x_wconf 86' lang='lat' dir='ltr'>sex</span> <span class='ocrx_word' id='word_1_139' title='bbox 676 1708 918 1756; x_wconf 89' lang='lat' dir='ltr'>mensibus</span> <span class='ocrx_word' id='word_1_140' title='bbox 943 1709 983 1757; x_wconf 84' lang='lat' dir='ltr'>ei</span> <span class='ocrx_word' id='word_1_141' title='bbox 1009 1709 1218 1755; x_wconf 76' lang='lat' dir='ltr'>servivit.</span> <span class='ocrx_word' id='word_1_142' title='bbox 1248 1710 1301 1755; x_wconf 91' lang='lat' dir='ltr'>ln</span> <span class='ocrx_word' id='word_1_143' title='bbox 1327 1710 1460 1756; x_wconf 77' lang='lat' dir='ltr'>mili-</span> <span class='ocrx_word' id='word_1_144' title='bbox 1512 1725 1513 1728; x_wconf 73' lang='grc'>’</span> 
     </span>
     <span class='ocr_line' id='line_1_21' title="bbox 41 1786 1458 1850; baseline -0.001 -16"><span class='ocrx_word' id='word_1_145' title='bbox 41 1788 130 1834; x_wconf 86' lang='lat' dir='ltr'>tari</span> <span class='ocrx_word' id='word_1_146' title='bbox 158 1796 313 1833; x_wconf 85' lang='lat' dir='ltr'>tamen</span> <span class='ocrx_word' id='word_1_147' title='bbox 339 1787 565 1834; x_wconf 88' lang='lat' dir='ltr'>exercitio</span> <span class='ocrx_word' id='word_1_148' title='bbox 588 1786 762 1831; x_wconf 83' lang='lat' dir='ltr'>divinae</span> <span class='ocrx_word' id='word_1_149' title='bbox 787 1786 899 1850; x_wconf 83' lang='lat' dir='ltr'>legis</span> <span class='ocrx_word' id='word_1_150' title='bbox 929 1786 1181 1831; x_wconf 86' lang='lat' dir='ltr'>immemor</span> <span class='ocrx_word' id='word_1_151' title='bbox 1206 1803 1304 1832; x_wconf 91' lang='lat' dir='ltr'>non</span> <span class='ocrx_word' id='word_1_152' title='bbox 1338 1786 1458 1844; x_wconf 84' lang='lat' dir='ltr'>fuit,</span> 
     </span>
     <span class='ocr_line' id='line_1_22' title="bbox 40 1861 1463 1926; baseline -0.002 -14"><span class='ocrx_word' id='word_1_153' title='bbox 40 1864 119 1912; x_wconf 90' lang='lat' dir='ltr'>sed</span> <span class='ocrx_word' id='word_1_154' title='bbox 143 1863 402 1911; x_wconf 85' lang='lat' dir='ltr'>exercitum</span> <span class='ocrx_word' id='word_1_155' title='bbox 423 1880 560 1908; x_wconf 90' lang='lat' dir='ltr'>suum</span> <span class='ocrx_word' id='word_1_156' title='bbox 582 1863 646 1908; x_wconf 89' lang='lat' dir='ltr'>sic</span> <span class='ocrx_word' id='word_1_157' title='bbox 667 1861 900 1918; x_wconf 89' lang='lat' dir='ltr'>instituit,</span> <span class='ocrx_word' id='word_1_158' title='bbox 927 1871 981 1907; x_wconf 91' lang='lat' dir='ltr'>ut</span> <span class='ocrx_word' id='word_1_159' title='bbox 1004 1861 1206 1926; x_wconf 86' lang='lat' dir='ltr'>quisque</span> <span class='ocrx_word' id='word_1_160' title='bbox 1231 1862 1324 1907; x_wconf 89' lang='lat' dir='ltr'>suis</span> <span class='ocrx_word' id='word_1_161' title='bbox 1352 1879 1463 1909; x_wconf 90' lang='lat' dir='ltr'>con-</span> 
     </span>
     <span class='ocr_line' id='line_1_23' title="bbox 41 1939 1463 2006; baseline -0.002 -16"><span class='ocrx_word' id='word_1_162' title='bbox 41 1953 200 1992; x_wconf 87' lang='lat' dir='ltr'>tentus</span> <span class='ocrx_word' id='word_1_163' title='bbox 225 1951 364 1998; x_wconf 89' lang='lat' dir='ltr'>esset;</span> <span class='ocrx_word' id='word_1_164' title='bbox 388 1951 435 1987; x_wconf 91' lang='lat' dir='ltr'>et</span> <span class='ocrx_word' id='word_1_165' title='bbox 457 1942 492 1987; x_wconf 90' lang='lat' dir='ltr'>si</span> <span class='ocrx_word' id='word_1_166' title='bbox 518 1941 624 2006; x_wconf 90' lang='lat' dir='ltr'>quis</span> <span class='ocrx_word' id='word_1_167' title='bbox 647 1939 825 2005; x_wconf 86' lang='lat' dir='ltr'>aliquid</span> <span class='ocrx_word' id='word_1_168' title='bbox 851 1949 1061 2004; x_wconf 84' lang='lat' dir='ltr'>raperet,</span> <span class='ocrx_word' id='word_1_169' title='bbox 1089 1939 1337 2002; x_wconf 84' lang='lat' dir='ltr'>capitalem</span> <span class='ocrx_word' id='word_1_170' title='bbox 1361 1958 1463 1988; x_wconf 90' lang='lat' dir='ltr'>sen-</span> 
     </span>
     <span class='ocr_line' id='line_1_24' title="bbox 41 2017 1455 2082; baseline -0.004 -13"><span class='ocrx_word' id='word_1_171' title='bbox 41 2022 240 2070; x_wconf 86' lang='lat' dir='ltr'>tentiam</span> <span class='ocrx_word' id='word_1_172' title='bbox 279 2019 478 2066; x_wconf 85' lang='lat' dir='ltr'>subiret.</span> <span class='ocrx_word' id='word_1_173' title='bbox 521 2018 771 2082; x_wconf 81' lang='lat' dir='ltr'>Completo</span> <span class='ocrx_word' id='word_1_174' title='bbox 803 2027 961 2063; x_wconf 89' lang='lat' dir='ltr'>autem</span> <span class='ocrx_word' id='word_1_175' title='bbox 996 2017 1174 2064; x_wconf 88' lang='lat' dir='ltr'>servitii</span> <span class='ocrx_word' id='word_1_176' title='bbox 1213 2027 1455 2081; x_wconf 86' lang='lat' dir='ltr'>tempore,</span> 
     </span>
     <span class='ocr_line' id='line_1_25' title="bbox 38 2094 1457 2159; baseline -0.004 -12"><span class='ocrx_word' id='word_1_177' title='bbox 38 2098 276 2147; x_wconf 90' lang='lat' dir='ltr'>remeandi</span> <span class='ocrx_word' id='word_1_178' title='bbox 305 2097 543 2144; x_wconf 89' lang='lat' dir='ltr'>licentiam</span> <span class='ocrx_word' id='word_1_179' title='bbox 566 2096 770 2159; x_wconf 89' lang='lat' dir='ltr'>accepit;</span> <span class='ocrx_word' id='word_1_180' title='bbox 807 2094 886 2141; x_wconf 89' lang='lat' dir='ltr'>sed</span> <span class='ocrx_word' id='word_1_181' title='bbox 918 2112 997 2140; x_wconf 89' lang='lat' dir='ltr'>sua</span> <span class='ocrx_word' id='word_1_182' title='bbox 1034 2104 1271 2158; x_wconf 77' lang='lat' dir='ltr'>repetere,</span> <span class='ocrx_word' id='word_1_183' title='bbox 1299 2095 1457 2158; x_wconf 84' lang='lat' dir='ltr'>prius-</span> 
     </span>
     <span class='ocr_line' id='line_1_26' title="bbox 40 2171 1454 2243; baseline -0.004 -19"><span class='ocrx_word' id='word_1_184' title='bbox 40 2194 185 2243; x_wconf 89' lang='lat' dir='ltr'>quam</span> <span class='ocrx_word' id='word_1_185' title='bbox 202 2175 395 2223; x_wconf 83' lang='lat' dir='ltr'>beatum</span> <span class='ocrx_word' id='word_1_186' title='bbox 412 2175 605 2220; x_wconf 87' lang='lat' dir='ltr'>Petrum</span> <span class='ocrx_word' id='word_1_187' title='bbox 623 2173 889 2238; x_wconf 86' lang='lat' dir='ltr'>principem</span> <span class='ocrx_word' id='word_1_188' title='bbox 909 2171 1237 2237; x_wconf 88' lang='lat' dir='ltr'>apostolorum</span> <span class='ocrx_word' id='word_1_189' title='bbox 1256 2171 1454 2230; x_wconf 69' lang='lat' dir='ltr'>videret,</span> 
     </span>
     <span class='ocr_line' id='line_1_27' title="bbox 39 2251 1457 2316; baseline -0.004 -13"><span class='ocrx_word' id='word_1_190' title='bbox 39 2255 213 2303; x_wconf 86' lang='lat' dir='ltr'>noluit.</span> <span class='ocrx_word' id='word_1_191' title='bbox 256 2255 456 2301; x_wconf 87' lang='lat' dir='ltr'>Romam</span> <span class='ocrx_word' id='word_1_192' title='bbox 490 2269 603 2316; x_wconf 79' lang='lat' dir='ltr'>ergo</span> <span class='ocrx_word' id='word_1_193' title='bbox 653 2252 749 2315; x_wconf 86' lang='lat' dir='ltr'>ipse</span> <span class='ocrx_word' id='word_1_194' title='bbox 799 2262 846 2298; x_wconf 89' lang='lat' dir='ltr'>et</span> <span class='ocrx_word' id='word_1_195' title='bbox 886 2251 1042 2297; x_wconf 84' lang='lat' dir='ltr'>omnis</span> <span class='ocrx_word' id='word_1_196' title='bbox 1088 2251 1320 2297; x_wconf 80' lang='lat' dir='ltr'>exercitus</span> <span class='ocrx_word' id='word_1_197' title='bbox 1360 2255 1457 2316; x_wconf 75' lang='lat' dir='ltr'>ejus</span> 
     </span>
     <span class='ocr_line' id='line_1_28' title="bbox 38 2327 1457 2397; baseline -0.001 -19"><span class='ocrx_word' id='word_1_198' title='bbox 38 2341 442 2397; x_wconf 86' lang='lat' dir='ltr'>properaverunt,</span> <span class='ocrx_word' id='word_1_199' title='bbox 473 2340 518 2377; x_wconf 91' lang='lat' dir='ltr'>et</span> <span class='ocrx_word' id='word_1_200' title='bbox 542 2328 708 2376; x_wconf 87' lang='lat' dir='ltr'>urbem</span> <span class='ocrx_word' id='word_1_201' title='bbox 732 2329 922 2394; x_wconf 78' lang='lat' dir='ltr'>ingressi</span> <span class='ocrx_word' id='word_1_202' title='bbox 948 2327 1243 2393; x_wconf 85' lang='lat' dir='ltr'>apostolum,</span> <span class='ocrx_word' id='word_1_203' title='bbox 1275 2328 1321 2373; x_wconf 92' lang='lat' dir='ltr'>in</span> <span class='ocrx_word' id='word_1_204' title='bbox 1350 2328 1457 2376; x_wconf 93' lang='lat' dir='ltr'>loco</span> 
     </span>
     <span class='ocr_line' id='line_1_29' title="bbox 42 2404 1458 2476; baseline -0.002 -20"><span class='ocrx_word' id='word_1_205' title='bbox 42 2411 123 2476; x_wconf 91' lang='lat' dir='ltr'>qui</span> <span class='ocrx_word' id='word_1_206' title='bbox 146 2410 405 2458; x_wconf 87' lang='lat' dir='ltr'>Vaticanus</span> <span class='ocrx_word' id='word_1_207' title='bbox 425 2408 618 2464; x_wconf 88' lang='lat' dir='ltr'>dicitur,</span> <span class='ocrx_word' id='word_1_208' title='bbox 641 2407 892 2454; x_wconf 76' lang='lat' dir='ltr'>docentem</span> <span class='ocrx_word' id='word_1_209' title='bbox 917 2406 1090 2452; x_wconf 89' lang='lat' dir='ltr'>multas</span> <span class='ocrx_word' id='word_1_210' title='bbox 1119 2404 1279 2451; x_wconf 85' lang='lat' dir='ltr'>turbas</span> <span class='ocrx_word' id='word_1_211' title='bbox 1309 2424 1458 2471; x_wconf 89' lang='lat' dir='ltr'>popu-</span> 
     </span>
     <span class='ocr_line' id='line_1_30' title="bbox 43 2483 1458 2547; baseline -0.004 -13"><span class='ocrx_word' id='word_1_212' title='bbox 43 2486 201 2535; x_wconf 86' lang='lat' dir='ltr'>lorum</span> <span class='ocrx_word' id='word_1_213' title='bbox 223 2487 526 2535; x_wconf 87' lang='lat' dir='ltr'>invenerunt.</span> <span class='ocrx_word' id='word_1_214' title='bbox 553 2485 777 2531; x_wconf 86' lang='lat' dir='ltr'>Protinus</span> <span class='ocrx_word' id='word_1_215' title='bbox 800 2483 1076 2531; x_wconf 85' lang='lat' dir='ltr'>discalciatis</span> <span class='ocrx_word' id='word_1_216' title='bbox 1099 2483 1298 2547; x_wconf 87' lang='lat' dir='ltr'>pedibus</span> <span class='ocrx_word' id='word_1_217' title='bbox 1322 2485 1366 2532; x_wconf 87' lang='lat' dir='ltr'>in</span> <span class='ocrx_word' id='word_1_218' title='bbox 1389 2486 1458 2530; x_wconf 83' lang='lat' dir='ltr'>ci-</span> 
     </span>
     <span class='ocr_line' id='line_1_31' title="bbox 43 2561 1460 2630; baseline -0.004 -19"><span class='ocrx_word' id='word_1_219' title='bbox 43 2563 154 2614; x_wconf 85' lang='lat' dir='ltr'>licio</span> <span class='ocrx_word' id='word_1_220' title='bbox 177 2565 233 2612; x_wconf 89' lang='lat' dir='ltr'>ad</span> <span class='ocrx_word' id='word_1_221' title='bbox 260 2565 399 2630; x_wconf 88' lang='lat' dir='ltr'>pedes</span> <span class='ocrx_word' id='word_1_222' title='bbox 428 2566 524 2628; x_wconf 89' lang='lat' dir='ltr'>ejus</span> <span class='ocrx_word' id='word_1_223' title='bbox 550 2562 774 2628; x_wconf 82' lang='lat' dir='ltr'>prostrati</span> <span class='ocrx_word' id='word_1_224' title='bbox 801 2572 937 2617; x_wconf 89' lang='lat' dir='ltr'>sunt,</span> <span class='ocrx_word' id='word_1_225' title='bbox 964 2572 1010 2607; x_wconf 90' lang='lat' dir='ltr'>et</span> <span class='ocrx_word' id='word_1_226' title='bbox 1037 2578 1147 2607; x_wconf 90' lang='lat' dir='ltr'>cum</span> <span class='ocrx_word' id='word_1_227' title='bbox 1174 2578 1339 2626; x_wconf 75' lang='lat' dir='ltr'>magna</span> <span class='ocrx_word' id='word_1_228' title='bbox 1369 2561 1460 2607; x_wconf 81' lang='lat' dir='ltr'>liu-</span> 
     </span>
     <span class='ocr_line' id='line_1_32' title="bbox 42 2638 1457 2703; baseline -0.003 -15"><span class='ocrx_word' id='word_1_229' title='bbox 42 2642 242 2690; x_wconf 90' lang='lat' dir='ltr'>militate</span> <span class='ocrx_word' id='word_1_230' title='bbox 279 2641 661 2691; x_wconf 76' lang='lat' dir='ltr'>benedictionem</span> <span class='ocrx_word' id='word_1_231' title='bbox 697 2639 755 2686; x_wconf 93' lang='lat' dir='ltr'>ab</span> <span class='ocrx_word' id='word_1_232' title='bbox 785 2653 841 2686; x_wconf 79' lang='lat' dir='ltr'>c&#39;o</span> <span class='ocrx_word' id='word_1_233' title='bbox 872 2638 1251 2703; x_wconf 72' lang='lat' dir='ltr'>postulaverunt.</span> <span class='ocrx_word' id='word_1_234' title='bbox 1293 2640 1457 2686; x_wconf 79' lang='lat' dir='ltr'>Petrus</span> 
     </span>
    </p>
   </div>
   <div class='ocr_carea' id='block_1_2' title="bbox 42 2716 1457 2846">
    <p class='ocr_par' dir='ltr' id='par_1_3' title="bbox 42 2716 1457 2846">
     <span class='ocr_line' id='line_1_33' title="bbox 42 2716 1457 2783; baseline -0.004 -19"><span class='ocrx_word' id='word_1_235' title='bbox 42 2730 229 2777; x_wconf 86' lang='lat' dir='ltr'>autem,</span> <span class='ocrx_word' id='word_1_236' title='bbox 255 2729 309 2764; x_wconf 91' lang='lat' dir='ltr'>ut</span> <span class='ocrx_word' id='word_1_237' title='bbox 336 2729 429 2765; x_wconf 90' lang='lat' dir='ltr'>tam</span> <span class='ocrx_word' id='word_1_238' title='bbox 455 2718 727 2783; x_wconf 82' lang='lat' dir='ltr'>praeclaram</span> <span class='ocrx_word' id='word_1_239' title='bbox 750 2716 807 2763; x_wconf 84' lang='lat' dir='ltr'>dc.</span> <span class='ocrx_word' id='word_1_240' title='bbox 827 2716 976 2764; x_wconf 89' lang='lat' dir='ltr'>Gallia</span> <span class='ocrx_word' id='word_1_241' title='bbox 1001 2716 1358 2780; x_wconf 80' lang='lat' dir='ltr'>generationem</span> <span class='ocrx_word' id='word_1_242' title='bbox 1383 2716 1457 2760; x_wconf 62' lang='lat' dir='ltr'>vi-</span> 
     </span>
     <span class='ocr_line' id='line_1_34' title="bbox 141 2797 1260 2846; baseline 0.003 -3"><span class='ocrx_word' id='word_1_243' title='bbox 141 2813 173 2843; x_wconf 84' lang='lat'>1.</span> <span class='ocrx_word' id='word_1_244' title='bbox 1208 2797 1260 2846; x_wconf 70' lang='lat'>2&#39;1</span> 
     </span>
    </p>
   </div>
  </div>
 </body>
</html>
