<?xml version="1.0" encoding="UTF-8"?>
<!DOCTYPE html PUBLIC "-//W3C//DTD XHTML 1.0 Transitional//EN"
    "http://www.w3.org/TR/xhtml1/DTD/xhtml1-transitional.dtd">
<html xmlns="http://www.w3.org/1999/xhtml" xml:lang="en" lang="en">
 <head>
  <title>
</title>
<meta http-equiv="Content-Type" content="text/html;charset=utf-8" />
  <meta name='ocr-system' content='tesseract 3.04.00' />
  <meta name='ocr-capabilities' content='ocr_page ocr_carea ocr_par ocr_line ocrx_word'/>
</head>
<body>
  <div class='ocr_page' id='page_1' title='image "./ordericivitalish01ordeuoft_0326.png"; bbox 0 0 1738 3043; ppageno 0'>
   <div class='ocr_carea' id='block_1_1' title="bbox 230 301 1280 343">
    <p class='ocr_par' dir='ltr' id='par_1_1' title="bbox 230 301 1280 343">
     <span class='ocr_line' id='line_1_1' title="bbox 230 301 1280 343; baseline -0.002 0"><span class='ocrx_word' id='word_1_1' title='bbox 230 307 305 343; x_wconf 69' lang='grc'><strong>308</strong></span> <span class='ocrx_word' id='word_1_2' title='bbox 600 301 840 339; x_wconf 70' lang='lat' dir='ltr'><strong>llls&#39;sORIA</strong></span> <span class='ocrx_word' id='word_1_3' title='bbox 870 301 1280 341; x_wconf 77' lang='lat' dir='ltr'>ECCLESIASTICA.</span> 
     </span>
    </p>
   </div>
   <div class='ocr_carea' id='block_1_2' title="bbox 218 381 1716 2627">
    <p class='ocr_par' dir='ltr' id='par_1_2' title="bbox 218 381 1716 2627">
     <span class='ocr_line' id='line_1_2' title="bbox 227 381 1650 447; baseline 0.001 -16"><span class='ocrx_word' id='word_1_4' title='bbox 227 385 419 431; x_wconf 81' lang='lat' dir='ltr'><strong>audiens</strong></span> <span class='ocrx_word' id='word_1_5' title='bbox 433 418 446 439; x_wconf 92' lang='lat'><strong>,</strong></span> <span class='ocrx_word' id='word_1_6' title='bbox 469 382 574 446; x_wconf 82' lang='lat' dir='ltr'><strong>plus</strong></span> <span class='ocrx_word' id='word_1_7' title='bbox 590 381 782 439; x_wconf 84' lang='lat' dir='ltr'><strong>orabat,</strong></span> <span class='ocrx_word' id='word_1_8' title='bbox 804 393 851 430; x_wconf 89' lang='lat' dir='ltr'><strong>et</strong></span> <span class='ocrx_word' id='word_1_9' title='bbox 865 383 1072 447; x_wconf 83' lang='lat' dir='ltr'>puellam</span> <span class='ocrx_word' id='word_1_10' title='bbox 1092 383 1235 431; x_wconf 88' lang='lat' dir='ltr'><strong>verba</strong></span> <span class='ocrx_word' id='word_1_11' title='bbox 1256 384 1465 431; x_wconf 87' lang='lat' dir='ltr'><strong>veritatis</strong></span> <span class='ocrx_word' id='word_1_12' title='bbox 1484 401 1650 433; x_wconf 87' lang='lat' dir='ltr'><strong>canen-</strong></span> 
     </span>
     <span class='ocr_line' id='line_1_3' title="bbox 230 460 1645 527; baseline 0.001 -19"><span class='ocrx_word' id='word_1_13' title='bbox 230 475 322 510; x_wconf 80' lang='lat' dir='ltr'><strong>tem</strong></span> <span class='ocrx_word' id='word_1_14' title='bbox 339 461 567 508; x_wconf 73' lang='lat' dir='ltr'><strong>attentius</strong></span> <span class='ocrx_word' id='word_1_15' title='bbox 582 461 744 507; x_wconf 87' lang='lat' dir='ltr'><strong>eadem</strong></span> <span class='ocrx_word' id='word_1_16' title='bbox 763 471 976 526; x_wconf 88' lang='lat' dir='ltr'><strong>repetere</strong></span> <span class='ocrx_word' id='word_1_17' title='bbox 991 460 1296 509; x_wconf 87' lang='lat' dir='ltr'><strong>admonebat.</strong></span> <span class='ocrx_word' id='word_1_18' title='bbox 1315 463 1454 508; x_wconf 90' lang='lat' dir='ltr'><strong>Tunc</strong></span> <span class='ocrx_word' id='word_1_19' title='bbox 1473 462 1645 527; x_wconf 89' lang='lat' dir='ltr'><strong>ipsum,</strong></span> 
     </span>
     <span class='ocr_line' id='line_1_4' title="bbox 227 538 1650 606; baseline 0 -19"><span class='ocrx_word' id='word_1_20' title='bbox 227 539 357 606; x_wconf 85' lang='lat' dir='ltr'><strong>quod</strong></span> <span class='ocrx_word' id='word_1_21' title='bbox 383 557 537 604; x_wconf 87' lang='lat' dir='ltr'><strong>neque</strong></span> <span class='ocrx_word' id='word_1_22' title='bbox 561 539 894 596; x_wconf 82' lang='lat' dir='ltr'>manducaret,</span> <span class='ocrx_word' id='word_1_23' title='bbox 924 558 1076 604; x_wconf 85' lang='lat' dir='ltr'><strong>neque</strong></span> <span class='ocrx_word' id='word_1_24' title='bbox 1100 538 1313 596; x_wconf 82' lang='lat' dir='ltr'><strong>biberet,</strong></span> <span class='ocrx_word' id='word_1_25' title='bbox 1335 541 1562 605; x_wconf 84' lang='lat' dir='ltr'>pincerna</span> <span class='ocrx_word' id='word_1_26' title='bbox 1584 541 1650 587; x_wconf 89' lang='lat' dir='ltr'><strong>in-</strong></span> 
     </span>
     <span class='ocr_line' id='line_1_5' title="bbox 226 615 1651 682; baseline -0.001 -17"><span class='ocrx_word' id='word_1_27' title='bbox 226 618 461 682; x_wconf 68' lang='lat' dir='ltr'><strong>crepavit,</strong></span> <span class='ocrx_word' id='word_1_28' title='bbox 497 626 544 664; x_wconf 91' lang='lat' dir='ltr'><strong>et</strong></span> <span class='ocrx_word' id='word_1_29' title='bbox 574 616 778 680; x_wconf 91' lang='lat' dir='ltr'><strong>palmam</strong></span> <span class='ocrx_word' id='word_1_30' title='bbox 812 617 861 663; x_wconf 91' lang='lat' dir='ltr'><strong>in</strong></span> <span class='ocrx_word' id='word_1_31' title='bbox 892 616 1062 664; x_wconf 86' lang='lat' dir='ltr'><strong>faciem</strong></span> <span class='ocrx_word' id='word_1_32' title='bbox 1094 619 1191 681; x_wconf 90' lang='lat' dir='ltr'><strong>ejus</strong></span> <span class='ocrx_word' id='word_1_33' title='bbox 1219 615 1367 664; x_wconf 85' lang='lat' dir='ltr'><strong>dedit.</strong></span> <span class='ocrx_word' id='word_1_34' title='bbox 1394 616 1651 682; x_wconf 84' lang='lat' dir='ltr'><strong>Apostolus</strong></span> 
     </span>
     <span class='ocr_line' id='line_1_6' title="bbox 228 692 1650 759; baseline 0 -18"><span class='ocrx_word' id='word_1_35' title='bbox 228 713 340 742; x_wconf 70' lang='lat' dir='ltr'><strong>vero</strong></span> <span class='ocrx_word' id='word_1_36' title='bbox 374 712 486 742; x_wconf 90' lang='lat' dir='ltr'><strong>mox</strong></span> <span class='ocrx_word' id='word_1_37' title='bbox 517 692 736 740; x_wconf 81' lang='lat' dir='ltr'><strong>hebraice</strong></span> <span class='ocrx_word' id='word_1_38' title='bbox 767 693 992 757; x_wconf 83' lang='lat' dir='ltr'><strong>praedixit</strong></span> <span class='ocrx_word' id='word_1_39' title='bbox 1025 694 1154 758; x_wconf 85' lang='lat' dir='ltr'><strong>quod</strong></span> <span class='ocrx_word' id='word_1_40' title='bbox 1188 694 1228 742; x_wconf 89' lang='lat' dir='ltr'><strong>ei</strong></span> <span class='ocrx_word' id='word_1_41' title='bbox 1260 694 1484 759; x_wconf 89' lang='lat' dir='ltr'><strong>protinus</strong></span> <span class='ocrx_word' id='word_1_42' title='bbox 1512 704 1650 741; x_wconf 83' lang='lat' dir='ltr'><strong>ante-</strong></span> 
     </span>
     <span class='ocr_line' id='line_1_7' title="bbox 224 771 1651 839; baseline -0.002 -18"><span class='ocrx_word' id='word_1_43' title='bbox 224 791 369 839; x_wconf 80' lang='lat' dir='ltr'><strong>quam</strong></span> <span class='ocrx_word' id='word_1_44' title='bbox 389 773 665 820; x_wconf 63' lang='lat' dir='ltr'><strong>convivium</strong></span> <span class='ocrx_word' id='word_1_45' title='bbox 683 771 1024 835; x_wconf 83' lang='lat' dir='ltr'><strong>compleretur,</strong></span> <span class='ocrx_word' id='word_1_46' title='bbox 1044 773 1364 837; x_wconf 82' lang='lat' dir='ltr'><strong>contingeret.</strong></span> <span class='ocrx_word' id='word_1_47' title='bbox 1386 776 1537 819; x_wconf 88' lang='lat' dir='ltr'><strong>Porro</strong></span> <span class='ocrx_word' id='word_1_48' title='bbox 1551 772 1651 836; x_wconf 86' lang='lat' dir='ltr'><strong>pin-</strong></span> 
     </span>
     <span class='ocr_line' id='line_1_8' title="bbox 224 848 1652 916; baseline 0 -19"><span class='ocrx_word' id='word_1_49' title='bbox 224 870 364 898; x_wconf 82' lang='lat' dir='ltr'><strong>cerna</strong></span> <span class='ocrx_word' id='word_1_50' title='bbox 384 861 436 897; x_wconf 92' lang='lat' dir='ltr'><strong>ut</strong></span> <span class='ocrx_word' id='word_1_51' title='bbox 456 869 630 915; x_wconf 86' lang='lat' dir='ltr'><strong>aquam</strong></span> <span class='ocrx_word' id='word_1_52' title='bbox 653 849 709 897; x_wconf 91' lang='lat' dir='ltr'><strong>de</strong></span> <span class='ocrx_word' id='word_1_53' title='bbox 726 849 861 897; x_wconf 88' lang='lat' dir='ltr'><strong>fonte</strong></span> <span class='ocrx_word' id='word_1_54' title='bbox 887 848 1122 907; x_wconf 86' lang='lat' dir='ltr'><strong>deferret,</strong></span> <span class='ocrx_word' id='word_1_55' title='bbox 1145 851 1292 897; x_wconf 81' lang='lat' dir='ltr'><strong>exivit</strong></span> <span class='ocrx_word' id='word_1_56' title='bbox 1308 887 1321 908; x_wconf 94' lang='lat'><strong>,</strong></span> <span class='ocrx_word' id='word_1_57' title='bbox 1346 868 1551 916; x_wconf 88' lang='lat' dir='ltr'><strong>eumque</strong></span> <span class='ocrx_word' id='word_1_58' title='bbox 1576 849 1652 897; x_wconf 91' lang='lat' dir='ltr'><strong>leo</strong></span> 
     </span>
     <span class='ocr_line' id='line_1_9' title="bbox 223 927 1653 992; baseline 0 -17"><span class='ocrx_word' id='word_1_59' title='bbox 223 931 419 985; x_wconf 72' lang='lat' dir='ltr'><strong>invasit,</strong></span> <span class='ocrx_word' id='word_1_60' title='bbox 456 939 502 975; x_wconf 90' lang='lat' dir='ltr'><strong>et</strong></span> <span class='ocrx_word' id='word_1_61' title='bbox 539 927 708 975; x_wconf 86' lang='lat' dir='ltr'><strong>bibens</strong></span> <span class='ocrx_word' id='word_1_62' title='bbox 741 927 1020 992; x_wconf 81' lang='lat' dir='ltr'><strong>sanguinem</strong></span> <span class='ocrx_word' id='word_1_63' title='bbox 1057 930 1156 992; x_wconf 89' lang='lat' dir='ltr'><strong>ejus</strong></span> <span class='ocrx_word' id='word_1_64' title='bbox 1185 927 1319 975; x_wconf 89' lang='lat' dir='ltr'><strong>abiit.</strong></span> <span class='ocrx_word' id='word_1_65' title='bbox 1357 928 1504 975; x_wconf 89' lang='lat' dir='ltr'><strong>Canes</strong></span> <span class='ocrx_word' id='word_1_66' title='bbox 1536 945 1653 975; x_wconf 87' lang='lat' dir='ltr'><strong>vero</strong></span> 
     </span>
     <span class='ocr_line' id='line_1_10' title="bbox 221 1006 1652 1072; baseline 0 -18"><span class='ocrx_word' id='word_1_67' title='bbox 221 1007 434 1054; x_wconf 88' lang='lat' dir='ltr'><strong>membra</strong></span> <span class='ocrx_word' id='word_1_68' title='bbox 461 1009 558 1071; x_wconf 90' lang='lat' dir='ltr'><strong>ejus</strong></span> <span class='ocrx_word' id='word_1_69' title='bbox 581 1006 919 1063; x_wconf 87' lang='lat' dir='ltr'><strong>comederunt,</strong></span> <span class='ocrx_word' id='word_1_70' title='bbox 941 1023 1151 1071; x_wconf 87' lang='lat' dir='ltr'><strong>quorum</strong></span> <span class='ocrx_word' id='word_1_71' title='bbox 1176 1023 1301 1053; x_wconf 82' lang='lat' dir='ltr'><strong>unus</strong></span> <span class='ocrx_word' id='word_1_72' title='bbox 1325 1008 1462 1072; x_wconf 84' lang='lat' dir='ltr'><strong>niger</strong></span> <span class='ocrx_word' id='word_1_73' title='bbox 1485 1006 1652 1054; x_wconf 87' lang='lat' dir='ltr'><strong>dexte-—</strong></span> 
     </span>
     <span class='ocr_line' id='line_1_11' title="bbox 222 1084 1652 1149; baseline -0.001 -17"><span class='ocrx_word' id='word_1_74' title='bbox 222 1104 324 1132; x_wconf 87' lang='lat' dir='ltr'><strong>ram</strong></span> <span class='ocrx_word' id='word_1_75' title='bbox 348 1087 445 1149; x_wconf 91' lang='lat' dir='ltr'><strong>ejus</strong></span> <span class='ocrx_word' id='word_1_76' title='bbox 477 1085 526 1131; x_wconf 89' lang='lat' dir='ltr'><strong>in</strong></span> <span class='ocrx_word' id='word_1_77' title='bbox 549 1102 632 1131; x_wconf 88' lang='lat' dir='ltr'><strong>ore</strong></span> <span class='ocrx_word' id='word_1_78' title='bbox 658 1084 845 1143; x_wconf 88' lang='lat' dir='ltr'><strong>ferens,</strong></span> <span class='ocrx_word' id='word_1_79' title='bbox 874 1084 923 1130; x_wconf 89' lang='lat' dir='ltr'><strong>in</strong></span> <span class='ocrx_word' id='word_1_80' title='bbox 949 1084 1162 1130; x_wconf 90' lang='lat' dir='ltr'><strong>medium</strong></span> <span class='ocrx_word' id='word_1_81' title='bbox 1185 1084 1393 1131; x_wconf 87' lang='lat' dir='ltr'><strong>convivii</strong></span> <span class='ocrx_word' id='word_1_82' title='bbox 1427 1095 1652 1149; x_wconf 83' lang='lat' dir='ltr'><strong>apporta-</strong></span> 
     </span>
     <span class='ocr_line' id='line_1_12' title="bbox 224 1159 1652 1226; baseline -0.001 -17"><span class='ocrx_word' id='word_1_83' title='bbox 224 1166 306 1209; x_wconf 73' lang='lat' dir='ltr'><strong>vit.</strong></span> <span class='ocrx_word' id='word_1_84' title='bbox 335 1160 650 1226; x_wconf 77' lang='lat' dir='ltr'><strong>Stupentibus</strong></span> <span class='ocrx_word' id='word_1_85' title='bbox 675 1161 916 1218; x_wconf 81' lang='lat' dir='ltr'><strong>convivis,</strong></span> <span class='ocrx_word' id='word_1_86' title='bbox 951 1161 1034 1225; x_wconf 85' lang='lat' dir='ltr'><strong>qui</strong></span> <span class='ocrx_word' id='word_1_87' title='bbox 1062 1159 1164 1206; x_wconf 81' lang='lat' dir='ltr'><strong>haec</strong></span> <span class='ocrx_word' id='word_1_88' title='bbox 1199 1159 1530 1218; x_wconf 82' lang='lat' dir='ltr'><strong>intuebantur,</strong></span> <span class='ocrx_word' id='word_1_89' title='bbox 1565 1159 1652 1208; x_wconf 90' lang='lat' dir='ltr'><strong>he-</strong></span> 
     </span>
     <span class='ocr_line' id='line_1_13' title="bbox 223 1236 1648 1304; baseline -0.002 -18"><span class='ocrx_word' id='word_1_90' title='bbox 223 1240 349 1286; x_wconf 85' lang='lat' dir='ltr'><strong>braea</strong></span> <span class='ocrx_word' id='word_1_91' title='bbox 367 1239 626 1297; x_wconf 88' lang='lat' dir='ltr'><strong>cantatrix,</strong></span> <span class='ocrx_word' id='word_1_92' title='bbox 647 1256 755 1304; x_wconf 83' lang='lat' dir='ltr'><strong>quae</strong></span> <span class='ocrx_word' id='word_1_93' title='bbox 772 1238 868 1286; x_wconf 89' lang='lat' dir='ltr'><strong>sola</strong></span> <span class='ocrx_word' id='word_1_94' title='bbox 887 1236 1192 1303; x_wconf 84' lang='lat' dir='ltr'><strong>prophetiam</strong></span> <span class='ocrx_word' id='word_1_95' title='bbox 1211 1239 1309 1302; x_wconf 90' lang='lat' dir='ltr'><strong>ejus</strong></span> <span class='ocrx_word' id='word_1_96' title='bbox 1328 1237 1648 1294; x_wconf 89' lang='lat' dir='ltr'><strong>intellexerat,</strong></span> 
     </span>
     <span class='ocr_line' id='line_1_14' title="bbox 222 1314 1651 1381; baseline -0.002 -17"><span class='ocrx_word' id='word_1_97' title='bbox 222 1319 390 1365; x_wconf 83' lang='lat' dir='ltr'><strong>tibiam</strong></span> <span class='ocrx_word' id='word_1_98' title='bbox 421 1336 554 1364; x_wconf 87' lang='lat' dir='ltr'><strong>suam</strong></span> <span class='ocrx_word' id='word_1_99' title='bbox 580 1317 804 1381; x_wconf 67' lang='lat' dir='ltr'><strong>jactavit,</strong></span> <span class='ocrx_word' id='word_1_100' title='bbox 843 1326 891 1363; x_wconf 91' lang='lat' dir='ltr'><strong>et</strong></span> <span class='ocrx_word' id='word_1_101' title='bbox 922 1333 1119 1362; x_wconf 89' lang='lat' dir='ltr'><strong>currens</strong></span> <span class='ocrx_word' id='word_1_102' title='bbox 1149 1314 1288 1379; x_wconf 87' lang='lat' dir='ltr'><strong>pedes</strong></span> <span class='ocrx_word' id='word_1_103' title='bbox 1321 1317 1418 1379; x_wconf 89' lang='lat' dir='ltr'><strong>ejus</strong></span> <span class='ocrx_word' id='word_1_104' title='bbox 1450 1314 1651 1362; x_wconf 86' lang='lat' dir='ltr'><strong>osculari</strong></span> 
     </span>
     <span class='ocr_line' id='line_1_15' title="bbox 221 1391 1654 1460; baseline -0.002 -19"><span class='ocrx_word' id='word_1_105' title='bbox 221 1397 395 1460; x_wconf 54' lang='lat' dir='ltr'><strong>coepitf,</strong></span> <span class='ocrx_word' id='word_1_106' title='bbox 423 1405 470 1443; x_wconf 90' lang='lat' dir='ltr'><strong>et</strong></span> <span class='ocrx_word' id='word_1_107' title='bbox 501 1393 728 1442; x_wconf 87' lang='lat' dir='ltr'><strong>omnibus</strong></span> <span class='ocrx_word' id='word_1_108' title='bbox 759 1393 842 1458; x_wconf 85' lang='lat' dir='ltr'><strong>qui</strong></span> <span class='ocrx_word' id='word_1_109' title='bbox 874 1391 1070 1440; x_wconf 87' lang='lat' dir='ltr'><strong>aderant</strong></span> <span class='ocrx_word' id='word_1_110' title='bbox 1096 1392 1250 1439; x_wconf 85' lang='lat' dir='ltr'><strong>dixit:</strong></span> <span class='ocrx_word' id='word_1_111' title='bbox 1279 1393 1381 1440; x_wconf 75' lang='lat' dir='ltr'><strong>Hie</strong></span> <span class='ocrx_word' id='word_1_112' title='bbox 1403 1392 1546 1440; x_wconf 75' lang='lat' dir='ltr'><strong>homo</strong></span> <span class='ocrx_word' id='word_1_113' title='bbox 1568 1404 1654 1439; x_wconf 77' lang='lat' dir='ltr'><strong>auc</strong></span> 
     </span>
     <span class='ocr_line' id='line_1_16' title="bbox 218 1470 1654 1540; baseline -0.001 -22"><span class='ocrx_word' id='word_1_114' title='bbox 218 1474 454 1540; x_wconf 73' lang='lat' dir='ltr'><strong>propheta</strong></span> <span class='ocrx_word' id='word_1_115' title='bbox 472 1485 564 1531; x_wconf 79' lang='lat' dir='ltr'><strong>est,</strong></span> <span class='ocrx_word' id='word_1_116' title='bbox 583 1483 670 1519; x_wconf 76' lang='grc' dir='ltr'><strong><em>ιιιιι</em></strong></span> <span class='ocrx_word' id='word_1_117' title='bbox 685 1471 938 1537; x_wconf 80' lang='lat' dir='ltr'><strong>apostolus</strong></span> <span class='ocrx_word' id='word_1_118' title='bbox 957 1471 1068 1517; x_wconf 66' lang='lat' dir='ltr'><strong>Det.</strong></span> <span class='ocrx_word' id='word_1_119' title='bbox 1087 1470 1210 1517; x_wconf 90' lang='lat' dir='ltr'><strong>Nam</strong></span> <span class='ocrx_word' id='word_1_120' title='bbox 1227 1481 1282 1517; x_wconf 88' lang='lat' dir='ltr'><strong>ut</strong></span> <span class='ocrx_word' id='word_1_121' title='bbox 1300 1471 1528 1536; x_wconf 87' lang='lat' dir='ltr'><strong>pincerna</strong></span> <span class='ocrx_word' id='word_1_122' title='bbox 1542 1488 1654 1518; x_wconf 90' lang='lat' dir='ltr'><strong>eum</strong></span> 
     </span>
     <span class='ocr_line' id='line_1_17' title="bbox 225 1547 1653 1615; baseline -0.001 -17"><span class='ocrx_word' id='word_1_123' title='bbox 225 1551 479 1615; x_wconf 84' lang='lat' dir='ltr'><strong>percussit,</strong></span> <span class='ocrx_word' id='word_1_124' title='bbox 519 1567 678 1596; x_wconf 90' lang='lat' dir='ltr'><strong>casum</strong></span> <span class='ocrx_word' id='word_1_125' title='bbox 708 1567 852 1613; x_wconf 86' lang='lat' dir='ltr'><strong>quem</strong></span> <span class='ocrx_word' id='word_1_126' title='bbox 885 1567 1044 1613; x_wconf 87' lang='lat' dir='ltr'><strong>passus</strong></span> <span class='ocrx_word' id='word_1_127' title='bbox 1077 1559 1147 1595; x_wconf 90' lang='lat' dir='ltr'><strong>est</strong></span> <span class='ocrx_word' id='word_1_128' title='bbox 1178 1547 1404 1596; x_wconf 87' lang='lat' dir='ltr'><strong>hebraico</strong></span> <span class='ocrx_word' id='word_1_129' title='bbox 1433 1566 1653 1596; x_wconf 88' lang='lat' dir='ltr'><strong>sermone</strong></span> 
     </span>
     <span class='ocr_line' id='line_1_18' title="bbox 224 1626 1650 1692; baseline -0.002 -18"><span class='ocrx_word' id='word_1_130' title='bbox 224 1627 448 1692; x_wconf 78' lang='lat' dir='ltr'><strong>praedixit</strong></span> <span class='ocrx_word' id='word_1_131' title='bbox 483 1648 492 1672; x_wconf 96' lang='lat'><strong>:</strong></span> <span class='ocrx_word' id='word_1_132' title='bbox 527 1627 640 1673; x_wconf 78' lang='lat' dir='ltr'><strong>lVon</strong></span> <span class='ocrx_word' id='word_1_133' title='bbox 666 1642 953 1688; x_wconf 56' lang='lat' dir='ltr'><strong>exsurgam,</strong></span> <span class='ocrx_word' id='word_1_134' title='bbox 982 1626 1164 1690; x_wconf 85' lang='lat' dir='ltr'><strong>inquit,</strong></span> <span class='ocrx_word' id='word_1_135' title='bbox 1195 1626 1257 1671; x_wconf 78' lang='lat' dir='ltr'><strong>(le</strong></span> <span class='ocrx_word' id='word_1_136' title='bbox 1287 1626 1376 1673; x_wconf 79' lang='lat' dir='ltr'><strong>lzoc</strong></span> <span class='ocrx_word' id='word_1_137' title='bbox 1412 1627 1650 1681; x_wconf 73' lang='lat' dir='ltr'><strong>convivio,</strong></span> 
     </span>
     <span class='ocr_line' id='line_1_19' title="bbox 227 1703 1596 1770; baseline -0.001 -18"><span class='ocrx_word' id='word_1_138' title='bbox 227 1709 323 1753; x_wconf 77' lang='lat' dir='ltr'><strong>m&#39;sc&#39;</strong></span> <span class='ocrx_word' id='word_1_139' title='bbox 345 1723 540 1752; x_wconf 79' lang='lat' dir='ltr'><strong>manum</strong></span> <span class='ocrx_word' id='word_1_140' title='bbox 567 1706 725 1770; x_wconf 72' lang='lat' dir='ltr'><strong>ipsam</strong></span> <span class='ocrx_word' id='word_1_141' title='bbox 745 1722 777 1749; x_wconf 88' lang='grc' dir='ltr'><em>α</em></span> <span class='ocrx_word' id='word_1_142' title='bbox 797 1721 918 1750; x_wconf 79' lang='lat' dir='ltr'><strong>cane</strong></span> <span class='ocrx_word' id='word_1_143' title='bbox 936 1705 1074 1767; x_wconf 77' lang='lat' dir='ltr'><strong>nigro</strong></span> <span class='ocrx_word' id='word_1_144' title='bbox 1100 1703 1194 1750; x_wconf 76' lang='grc' dir='ltr'><em>Ιιιιο</em></span> <span class='ocrx_word' id='word_1_145' title='bbox 1212 1704 1394 1767; x_wconf 80' lang='lat' dir='ltr'><strong>deferri</strong></span> <span class='ocrx_word' id='word_1_146' title='bbox 1410 1704 1596 1751; x_wconf 76' lang='lat' dir='ltr'><strong>videro.</strong></span> 
     </span>
     <span class='ocr_line' id='line_1_20' title="bbox 292 1780 1655 1847; baseline -0.001 -18"><span class='ocrx_word' id='word_1_147' title='bbox 292 1783 510 1847; x_wconf 85' lang='lat' dir='ltr'><strong>Cumque</strong></span> <span class='ocrx_word' id='word_1_148' title='bbox 541 1781 598 1828; x_wconf 88' lang='lat' dir='ltr'><strong>dc</strong></span> <span class='ocrx_word' id='word_1_149' title='bbox 632 1781 835 1844; x_wconf 87' lang='lat' dir='ltr'><strong>strepitu</strong></span> <span class='ocrx_word' id='word_1_150' title='bbox 869 1780 1123 1827; x_wconf 89' lang='lat' dir='ltr'><strong>hominum</strong></span> <span class='ocrx_word' id='word_1_151' title='bbox 1155 1799 1239 1828; x_wconf 89' lang='lat' dir='ltr'><strong>rex</strong></span> <span class='ocrx_word' id='word_1_152' title='bbox 1273 1782 1568 1846; x_wconf 87' lang='lat' dir='ltr'><strong>inquireret,</strong></span> <span class='ocrx_word' id='word_1_153' title='bbox 1607 1791 1655 1829; x_wconf 90' lang='lat' dir='ltr'><strong>et</strong></span> 
     </span>
     <span class='ocr_line' id='line_1_21' title="bbox 225 1858 1650 1925; baseline -0.001 -18"><span class='ocrx_word' id='word_1_154' title='bbox 225 1860 341 1925; x_wconf 85' lang='lat' dir='ltr'><strong>quid</strong></span> <span class='ocrx_word' id='word_1_155' title='bbox 368 1860 612 1906; x_wconf 83' lang='lat' dir='ltr'><strong>accidisset</strong></span> <span class='ocrx_word' id='word_1_156' title='bbox 636 1858 847 1916; x_wconf 87' lang='lat' dir='ltr'><strong>audiret,</strong></span> <span class='ocrx_word' id='word_1_157' title='bbox 876 1858 1146 1923; x_wconf 85' lang='lat' dir='ltr'><strong>apostolum</strong></span> <span class='ocrx_word' id='word_1_158' title='bbox 1170 1859 1227 1906; x_wconf 90' lang='lat' dir='ltr'><strong>ad</strong></span> <span class='ocrx_word' id='word_1_159' title='bbox 1253 1876 1301 1906; x_wconf 91' lang='lat' dir='ltr'><strong>se</strong></span> <span class='ocrx_word' id='word_1_160' title='bbox 1324 1861 1483 1907; x_wconf 86' lang='lat' dir='ltr'><strong>vocari</strong></span> <span class='ocrx_word' id='word_1_161' title='bbox 1508 1859 1650 1917; x_wconf 89' lang='lat' dir='ltr'><strong>fecit,</strong></span> 
     </span>
     <span class='ocr_line' id='line_1_22' title="bbox 228 1936 1655 2002; baseline -0.001 -16"><span class='ocrx_word' id='word_1_162' title='bbox 228 1959 279 1986; x_wconf 89' lang='lat' dir='ltr'><strong>ac</strong></span> <span class='ocrx_word' id='word_1_163' title='bbox 303 1950 357 1986; x_wconf 90' lang='lat' dir='ltr'><strong>ut</strong></span> <span class='ocrx_word' id='word_1_164' title='bbox 381 1939 527 1986; x_wconf 84' lang='lat' dir='ltr'><strong>filiam</strong></span> <span class='ocrx_word' id='word_1_165' title='bbox 551 1956 682 1984; x_wconf 89' lang='lat' dir='ltr'><strong>suam</strong></span> <span class='ocrx_word' id='word_1_166' title='bbox 702 1938 773 2001; x_wconf 81' lang='grc' dir='ltr'><strong>(ι)</strong></span> <span class='ocrx_word' id='word_1_167' title='bbox 795 1955 887 1983; x_wconf 92' lang='lat' dir='ltr'><strong>una</strong></span> <span class='ocrx_word' id='word_1_168' title='bbox 907 1955 1017 1984; x_wconf 92' lang='lat' dir='ltr'><strong>cum</strong></span> <span class='ocrx_word' id='word_1_169' title='bbox 1035 1954 1210 2001; x_wconf 89' lang='lat' dir='ltr'><strong>sponso</strong></span> <span class='ocrx_word' id='word_1_170' title='bbox 1231 1940 1329 2002; x_wconf 89' lang='lat' dir='ltr'><strong>ejus</strong></span> <span class='ocrx_word' id='word_1_171' title='bbox 1351 1936 1655 1986; x_wconf 88' lang='lat' dir='ltr'><strong>benediceret</strong></span> 
     </span>
     <span class='ocr_line' id='line_1_23' title="bbox 232 2014 1716 2082; baseline -0.001 -19"><span class='ocrx_word' id='word_1_172' title='bbox 232 2018 430 2082; x_wconf 74' lang='lat' dir='ltr'><strong>rogavit.</strong></span> <span class='ocrx_word' id='word_1_173' title='bbox 470 2015 678 2062; x_wconf 89' lang='lat' dir='ltr'><strong>Thomas</strong></span> <span class='ocrx_word' id='word_1_174' title='bbox 717 2016 873 2080; x_wconf 88' lang='lat' dir='ltr'><strong>itaque</strong></span> <span class='ocrx_word' id='word_1_175' title='bbox 911 2016 959 2061; x_wconf 91' lang='lat' dir='ltr'><strong>in</strong></span> <span class='ocrx_word' id='word_1_176' title='bbox 990 2014 1249 2061; x_wconf 88' lang='lat' dir='ltr'><strong>thalamum</strong></span> <span class='ocrx_word' id='word_1_177' title='bbox 1279 2033 1373 2062; x_wconf 90' lang='lat' dir='ltr'><strong>una</strong></span> <span class='ocrx_word' id='word_1_178' title='bbox 1407 2033 1516 2063; x_wconf 90' lang='lat' dir='ltr'><strong>cum</strong></span> <span class='ocrx_word' id='word_1_179' title='bbox 1547 2033 1655 2079; x_wconf 80' lang='lat' dir='ltr'><strong>rege</strong></span> <span class='ocrx_word' id='word_1_180' title='bbox 1714 2043 1716 2046; x_wconf 58' lang='lat'>&gt;</span> 
     </span>
     <span class='ocr_line' id='line_1_24' title="bbox 235 2092 1653 2157; baseline -0.002 -15"><span class='ocrx_word' id='word_1_181' title='bbox 235 2096 454 2150; x_wconf 48' lang='lat' dir='ltr'><strong>intrarit,</strong></span> <span class='ocrx_word' id='word_1_182' title='bbox 476 2112 672 2141; x_wconf 89' lang='lat' dir='ltr'><strong>manum</strong></span> <span class='ocrx_word' id='word_1_183' title='bbox 692 2111 824 2140; x_wconf 86' lang='lat' dir='ltr'><strong>suam</strong></span> <span class='ocrx_word' id='word_1_184' title='bbox 850 2110 991 2157; x_wconf 87' lang='lat' dir='ltr'><strong>super</strong></span> <span class='ocrx_word' id='word_1_185' title='bbox 1014 2092 1269 2140; x_wconf 87' lang='lat' dir='ltr'><strong>amborum</strong></span> <span class='ocrx_word' id='word_1_186' title='bbox 1291 2093 1442 2157; x_wconf 87' lang='lat' dir='ltr'><strong>capita</strong></span> <span class='ocrx_word' id='word_1_187' title='bbox 1467 2094 1653 2157; x_wconf 89' lang='lat' dir='ltr'><strong>posuit,</strong></span> 
     </span>
     <span class='ocr_line' id='line_1_25' title="bbox 233 2169 1655 2238; baseline -0.001 -19"><span class='ocrx_word' id='word_1_188' title='bbox 233 2176 392 2238; x_wconf 59' lang='lat' dir='ltr'><strong>visque</strong></span> <span class='ocrx_word' id='word_1_189' title='bbox 418 2175 465 2219; x_wconf 91' lang='lat' dir='ltr'><strong>in</strong></span> <span class='ocrx_word' id='word_1_190' title='bbox 490 2173 573 2219; x_wconf 88' lang='lat' dir='ltr'><strong>Dei</strong></span> <span class='ocrx_word' id='word_1_191' title='bbox 599 2172 821 2228; x_wconf 89' lang='lat' dir='ltr'><strong>nomine,</strong></span> <span class='ocrx_word' id='word_1_192' title='bbox 849 2171 1124 2218; x_wconf 89' lang='lat' dir='ltr'><strong>memoratis</strong></span> <span class='ocrx_word' id='word_1_193' title='bbox 1157 2169 1536 2235; x_wconf 88' lang='lat' dir='ltr'><strong>patriarcharum</strong></span> <span class='ocrx_word' id='word_1_194' title='bbox 1561 2188 1655 2217; x_wconf 90' lang='lat' dir='ltr'><strong>no-</strong></span> 
     </span>
     <span class='ocr_line' id='line_1_26' title="bbox 234 2248 1656 2312; baseline 0 -16"><span class='ocrx_word' id='word_1_195' title='bbox 234 2250 442 2298; x_wconf 83' lang='lat' dir='ltr'><strong>minibus</strong></span> <span class='ocrx_word' id='word_1_196' title='bbox 459 2287 469 2306; x_wconf 92' lang='lat'><strong>,</strong></span> <span class='ocrx_word' id='word_1_197' title='bbox 511 2268 653 2298; x_wconf 84' lang='lat' dir='ltr'><strong>orans</strong></span> <span class='ocrx_word' id='word_1_198' title='bbox 691 2249 953 2297; x_wconf 85' lang='lat' dir='ltr'><strong>benedixit.</strong></span> <span class='ocrx_word' id='word_1_199' title='bbox 996 2249 1117 2295; x_wconf 88' lang='lat' dir='ltr'><strong>Cum</strong></span> <span class='ocrx_word' id='word_1_200' title='bbox 1154 2259 1313 2296; x_wconf 88' lang='lat' dir='ltr'><strong>autem</strong></span> <span class='ocrx_word' id='word_1_201' title='bbox 1354 2248 1595 2312; x_wconf 89' lang='lat' dir='ltr'><strong>apostolus</strong></span> <span class='ocrx_word' id='word_1_202' title='bbox 1630 2266 1656 2296; x_wconf 92' lang='lat' dir='ltr'><strong>e</strong></span> 
     </span>
     <span class='ocr_line' id='line_1_27' title="bbox 239 2326 1653 2392; baseline -0.002 -16"><span class='ocrx_word' id='word_1_203' title='bbox 239 2330 444 2376; x_wconf 82' lang='lat' dir='ltr'><strong>thalamo</strong></span> <span class='ocrx_word' id='word_1_204' title='bbox 476 2346 684 2392; x_wconf 70' lang='lat' dir='ltr'><strong>egressus</strong></span> <span class='ocrx_word' id='word_1_205' title='bbox 714 2327 892 2386; x_wconf 87' lang='lat' dir='ltr'><strong>abiret,</strong></span> <span class='ocrx_word' id='word_1_206' title='bbox 926 2339 974 2375; x_wconf 90' lang='lat' dir='ltr'><strong>et</strong></span> <span class='ocrx_word' id='word_1_207' title='bbox 1003 2345 1201 2391; x_wconf 89' lang='lat' dir='ltr'><strong>sponsus</strong></span> <span class='ocrx_word' id='word_1_208' title='bbox 1232 2345 1343 2374; x_wconf 88' lang='lat' dir='ltr'><strong>eum</strong></span> <span class='ocrx_word' id='word_1_209' title='bbox 1374 2326 1653 2384; x_wconf 90' lang='lat' dir='ltr'><strong>deduceret,</strong></span> 
     </span>
     <span class='ocr_line' id='line_1_28' title="bbox 239 2405 1657 2471; baseline -0.002 -17"><span class='ocrx_word' id='word_1_210' title='bbox 239 2426 393 2454; x_wconf 77' lang='lat' dir='ltr'><strong>ramus</strong></span> <span class='ocrx_word' id='word_1_211' title='bbox 420 2407 589 2471; x_wconf 79' lang='lat' dir='ltr'><strong>palmae</strong></span> <span class='ocrx_word' id='word_1_212' title='bbox 616 2406 782 2469; x_wconf 81' lang='lat' dir='ltr'><strong>plenus</strong></span> <span class='ocrx_word' id='word_1_213' title='bbox 805 2406 1004 2471; x_wconf 86' lang='lat' dir='ltr'><strong>dactylis</strong></span> <span class='ocrx_word' id='word_1_214' title='bbox 1030 2405 1289 2471; x_wconf 80' lang='lat' dir='ltr'><strong>grandibus</strong></span> <span class='ocrx_word' id='word_1_215' title='bbox 1320 2407 1369 2452; x_wconf 91' lang='lat' dir='ltr'><strong>in</strong></span> <span class='ocrx_word' id='word_1_216' title='bbox 1392 2424 1537 2452; x_wconf 89' lang='lat' dir='ltr'><strong>manu</strong></span> <span class='ocrx_word' id='word_1_217' title='bbox 1559 2408 1657 2470; x_wconf 78' lang='lat' dir='ltr'><strong>eJus</strong></span> 
     </span>
     <span class='ocr_line' id='line_1_29' title="bbox 238 2484 1656 2550; baseline -0.002 -18"><span class='ocrx_word' id='word_1_218' title='bbox 238 2486 472 2550; x_wconf 84' lang='lat' dir='ltr'><strong>apparuit.</strong></span> <span class='ocrx_word' id='word_1_219' title='bbox 501 2484 638 2530; x_wconf 86' lang='lat' dir='ltr'><strong>Unde</strong></span> <span class='ocrx_word' id='word_1_220' title='bbox 663 2484 869 2548; x_wconf 76' lang='lat' dir='ltr'><strong>gaudens</strong></span> <span class='ocrx_word' id='word_1_221' title='bbox 887 2485 1074 2547; x_wconf 83' lang='lat' dir='ltr'><strong>juvenis</strong></span> <span class='ocrx_word' id='word_1_222' title='bbox 1094 2484 1151 2530; x_wconf 89' lang='lat' dir='ltr'><strong>ad</strong></span> <span class='ocrx_word' id='word_1_223' title='bbox 1169 2501 1389 2548; x_wconf 87' lang='lat' dir='ltr'><strong>sponsam</strong></span> <span class='ocrx_word' id='word_1_224' title='bbox 1412 2501 1542 2529; x_wconf 86' lang='lat' dir='ltr'><strong>suam</strong></span> <span class='ocrx_word' id='word_1_225' title='bbox 1567 2500 1656 2529; x_wconf 88' lang='lat' dir='ltr'><strong>cu·-</strong></span> 
     </span>
     <span class='ocr_line' id='line_1_30' title="bbox 241 2559 1655 2627; baseline -0.003 -18"><span class='ocrx_word' id='word_1_226' title='bbox 241 2565 391 2610; x_wconf 59' lang='lat' dir='ltr'><strong>currit</strong></span> <span class='ocrx_word' id='word_1_227' title='bbox 406 2600 417 2619; x_wconf 94' lang='lat'><strong>,</strong></span> <span class='ocrx_word' id='word_1_228' title='bbox 441 2564 575 2627; x_wconf 80' lang='lat' dir='ltr'><strong>eique</strong></span> <span class='ocrx_word' id='word_1_229' title='bbox 596 2563 648 2609; x_wconf 80' lang='lat' dir='ltr'><strong>ad</strong></span> <span class='ocrx_word' id='word_1_230' title='bbox 672 2562 958 2627; x_wconf 78' lang='lat' dir='ltr'><strong>gustandum</strong></span> <span class='ocrx_word' id='word_1_231' title='bbox 976 2563 1033 2610; x_wconf 88' lang='lat' dir='ltr'><strong>de</strong></span> <span class='ocrx_word' id='word_1_232' title='bbox 1053 2563 1214 2609; x_wconf 87' lang='lat' dir='ltr'><strong>fructu</strong></span> <span class='ocrx_word' id='word_1_233' title='bbox 1233 2564 1330 2626; x_wconf 88' lang='lat' dir='ltr'><strong>ejus</strong></span> <span class='ocrx_word' id='word_1_234' title='bbox 1347 2559 1492 2608; x_wconf 87' lang='lat' dir='ltr'><strong>dedit.</strong></span> <span class='ocrx_word' id='word_1_235' title='bbox 1514 2559 1655 2606; x_wconf 89' lang='lat' dir='ltr'><strong>Cum-</strong></span> 
     </span>
    </p>
   </div>
   <div class='ocr_carea' id='block_1_3' title="bbox 284 2813 706 2858">
    <p class='ocr_par' dir='ltr' id='par_1_3' title="bbox 284 2813 706 2858">
     <span class='ocr_line' id='line_1_31' title="bbox 284 2813 706 2858; baseline -0.009 -11"><span class='ocrx_word' id='word_1_236' title='bbox 284 2819 331 2857; x_wconf 36' lang='grc' dir='ltr'><strong>ἰ)Ἰ</strong></span> <span class='ocrx_word' id='word_1_237' title='bbox 363 2813 456 2848; x_wconf 71' lang='lat' dir='ltr'><strong>Lisez</strong></span> <span class='ocrx_word' id='word_1_238' title='bbox 480 2813 596 2858; x_wconf 72' lang='lat' dir='ltr'><strong>-jiltoe</strong></span> <span class='ocrx_word' id='word_1_239' title='bbox 617 2825 706 2845; x_wconf 74' lang='lat' dir='ltr'><strong>suae.</strong></span> 
     </span>
    </p>
   </div>
  </div>
 </body>
</html>
