1738 3043
168 237 215 273 16
533 231 773 270 HISTORIA
803 232 1204 272 ECCLESIASTICA.

168 314 299 374 Quia
317 313 461 360 hodie
480 311 717 377 completa
733 323 801 358 est
815 312 920 359 Ιιαϊ
937 314 1177 378 scriptura
1195 315 1244 359 in
1264 313 1462 360 auribus
1475 333 1577 363 ves-

163 394 262 438 tris.
287 389 585 437 Mirabantur
603 390 651 436 in
666 387 820 437 verbis
838 390 1001 455 gratiae
1019 408 1126 455 quae
1139 390 1462 455 procedebant
1478 393 1576 456 ejus

162 470 219 516 ab
237 488 331 517 orc.
350 471 365 515 1
372 487 450 533 pse
463 469 593 515 Jesus
611 468 937 516 testimonium
950 467 1209 532 perhibuit,
1224 470 1334 533 quia
1344 467 1575 533 propheta

164 553 212 593 in
242 565 320 593 sua
349 547 498 611 patria
528 545 763 593 honorem
789 562 887 592 non
921 544 1078 591 habet.
1114 545 1401 609 Exemplum
1433 546 1576 593 etiam

160 643 299 672 verax
326 623 383 672 de
410 623 729 671 anterioribus
759 623 994 688 protulit,
1024 624 1153 688 quod
1185 624 1242 670 ad
1265 624 1438 682 solam,
1466 624 1577 671 licet

158 701 324 748 multae
358 702 404 748 in
433 701 571 748 Israel
606 700 759 747 viduae
785 712 967 758 essent,
995 700 1299 764 Sareptenam
1325 701 1575 749 mulierem

162 790 374 844 tempore
394 778 528 825 famis
551 778 702 826 Helias
720 780 886 825 missus
902 778 1048 826 fuerit
1060 798 1072 836 ;
1102 779 1359 844 multisque
1378 779 1574 844 leprosis

159 859 207 904 in
245 866 444 921 egestate
475 866 522 903 et
550 873 762 902 aerumna
794 856 970 903 relictis
1001 856 1149 913 solus,
1183 857 1369 904 Heliseo
1404 857 1575 903 vatici-

157 946 301 982 nante
320 973 331 995 ‚
372 934 579 981 Naaman
615 934 762 999 Syrus
794 935 844 980 in
880 933 1084 981 Jordane
1114 934 1369 980 mundatus
1396 934 1568 989 fuerit.

157 1019 331 1065 Omnes
365 1018 413 1063 in
438 1033 672 1081 synagoga
696 1014 895 1063 verbum
923 1015 1116 1062 Domini
1141 1016 1380 1063 audientes
1406 1016 1474 1062 ira
1497 1033 1573 1063 re—

156 1095 272 1159 pleti
291 1105 420 1140 sunt.
441 1091 581 1153 Quod
598 1091 781 1139 dictum
797 1090 951 1138 fuerat
964 1127 978 1149 ‚
999 1109 1142 1155 opere
1162 1091 1387 1157 sacrilego
1406 1109 1573 1139 verum

156 1189 250 1219 esse
283 1169 678 1234 comprobanteS,
713 1178 1042 1216 surrexerunt.
1079 1168 1303 1216 Amentes
1333 1168 1570 1216 efficacem

154 1249 444 1296 archiatrum
485 1257 616 1295 extra
652 1247 892 1294 civitatem
929 1249 1196 1311 ejecerunt,
1237 1257 1284 1295 et
1320 1264 1470 1313 usque
1515 1247 1572 1294 ad

156 1326 459 1391 supercilium
495 1324 673 1372 montis
709 1341 849 1387 super
883 1340 981 1388 quo
1015 1333 1287 1371 constructa
1326 1333 1396 1371 est
1425 1322 1567 1382 urbs,

155 1413 209 1448 ut
241 1402 597 1466 praecipitarent
630 1417 762 1455 eum,
795 1398 1054 1446 duxerunt.
1090 1401 1192 1463 Ipse
1224 1409 1381 1446 autem
1411 1409 1572 1446 trans-

157 1481 254 1527 iens
294 1497 379 1544 per
414 1477 623 1525 medium
664 1476 886 1533 illorum,
937 1476 1044 1523 inde
1084 1475 1326 1523 descendit
1362 1475 1569 1541 Caphar—

156 1575 298 1603 naum
319 1558 339 1621 (
350 1558 412 1620 ι).

219 1635 366 1682 Venit
402 1635 573 1680 iterum
613 1634 661 1678 in
703 1632 860 1679 Chana
899 1631 1124 1679 Galilaeae.
1166 1633 1399 1697 ReguluS‚
1437 1635 1568 1697 cujus

153 1713 276 1759 filius
303 1710 634 1758 infirmabatur
669 1709 1025 1773 Capharnaum,
1061 1711 1220 1755 Jcsum
1243 1710 1513 1756 venientem
1543 1728 1565 1755 a

151 1790 310 1836 Judaea
336 1790 384 1834 in
410 1788 651 1834 Galilaeam
676 1785 873 1851 rogabat
903 1796 956 1832 ut
979 1785 1303 1843 descenderet,
1332 1797 1379 1833 et
1414 1787 1566 1833 filium

153 1868 250 1930 ejus
274 1874 475 1912 sanaret.
509 1864 640 1909 Dixit
673 1864 712 1910 ei
737 1864 868 1910 Jesus
897 1881 906 1906 :
939 1863 1268 1927 Vade,filius
1294 1873 1400 1909 taus
1432 1864 1562 1911 vivit.

151 1943 375 1990 Protinus
399 1958 523 2005 aeger
555 1939 827 1996 convaluit,
863 1949 997 2002 pater
1017 1939 1219 1985 credidit
1234 1974 1248 1995 ,
1274 1938 1566 2004 domumque

152 2022 199 2066 in
225 2019 483 2066 crastinum
505 2017 756 2074 remeavit,
785 2027 832 2063 et
861 2016 1034 2080 sospite
1058 2016 1158 2063 filio
1184 2016 1468 2081 gaudentem
1493 2016 1568 2064 fa-

150 2098 329 2144 miliam
365 2096 568 2161 reperit,
597 2106 644 2142 et
668 2112 958 2160 cognoscens
993 2095 1124 2159 quod
1155 2096 1420 2158 contigerat
1455 2112 1562 2142 cum

150 2187 245 2223 tota
268 2175 413 2222 domo
435 2173 651 2221 credidit.
679 2175 805 2230 Hoc,
833 2184 887 2219 ut
910 2174 1113 2219 Joannes
1129 2171 1374 2236 perhibet,
1397 2190 1561 2220 secun-

148 2254 261 2299 dum
301 2252 393 2298 fuit
426 2253 613 2317 signum
650 2250 777 2315 quod
808 2249 922 2297 fecit
953 2251 1111 2306 Jews,
1149 2267 1257 2296 cum
1294 2250 1496 2298 venisset
1537 2267 1562 2296 a

147 2332 306 2377 Judaea
327 2331 374 2376 in
401 2329 643 2376 Galilaeam
667 2329 759 2392 (2).

213 2408 292 2454 Vl.
318 2412 438 2453 (jum
456 2407 655 2454 audisset
674 2407 803 2452 Jesus
827 2405 955 2470 quod
976 2406 1179 2451 Joannes
1198 2403 1396 2451 traditus
1414 2415 1556 2463 esset,

148 2485 309 2532 relicta
343 2485 599 2544 Nazareth,
636 2502 743 2548 quae
776 2482 1088 2546 diciturflos,
1127 2480 1354 2528 habitavit
1387 2483 1434 2528 in
1468 2486 1560 2528 Ca-

194 2674 239 2714 ‘=)
265 2671 391 2704 Manli.
424 2682 467 2704 iv.
496 2669 615 2711 134sp
640 2670 750 2704 Marc.
777 2683 805 2706 ι,
833 2670 1004 2710 71311uc.
1029 2666 1553 2713 iv,22—31.—-(2)J0ann.1v,

155 2729 252 2769 ραι-Ἡ
