1738 3043
600 211 750 250 LlBER
781 211 1058 251 SECUNDts'.
1467 220 1542 253 215,

124 289 271 338 libros
304 291 492 356 ignibUs
525 309 827 338 concremare
852 294 1028 356 coepit,
1058 292 1134 339 scd
1154 295 1287 356 jussu
1311 297 1541 358 apostoli,

121 386 182 416 ne
199 368 321 416 odor
341 369 545 416 incendii
565 368 906 416 maleficiorum
924 387 943 414 x
956 381 1116 417 exaret
1131 372 1368 428 incautos,
1389 371 1545 420 zaber-

123 464 202 492 nas
226 447 373 511 petris
397 458 444 494 et
476 446 676 511 plumbo
708 446 922 510 impletas
950 448 998 493 in
1033 466 1161 496 mare
1193 448 1435 496 demersit.
1469 450 1545 497 Sic

119 522 179 570 ab
199 525 333 572 omni
359 524 702 571 maleficiorum
726 541 872 571 onere
894 523 1097 570 nudatus
1123 527 1447 591 Hermogenes
1467 546 1544 575 re-

118 600 333 666 pedavit,
361 612 408 648 et
431 602 631 666 apostoli
656 601 841 666 plantas
865 601 1112 649 humiliter
1140 606 1294 651 tenuit
1311 641 1323 662 ,
1356 624 1542 653 veram-

118 695 215 744 que
254 680 353 727 Deo
392 681 731 745 poenitentiam
771 679 1023 737 exhibuit,
1068 691 1115 729 et
1153 680 1292 730 beato
1328 685 1544 748 apostolo

117 757 363 806 adhaerens
388 759 436 805 in
472 757 697 806 omnibus
728 758 1094 823 obtemperavit.
1130 762 1184 806 In
1219 761 1393 809 timore
1429 781 1544 810 vero

119 836 201 884 Dei
228 838 290 883 ita
314 839 465 902 coepit
488 855 584 885 esse
617 837 881 902 perfectus,
913 849 966 884 ut
993 839 1194 886 virtutes
1220 840 1362 887 etiam
1387 841 1543 905 pluri-

116 932 214 961 mas
246 932 333 979 per
360 933 469 962 eum
499 915 676 963 faceret
708 916 970 973 Dominus;
1004 916 1181 982 quibus
1210 919 1343 975 visis,
1386 919 1544 984 plures

115 993 172 1039 ad
196 993 459 1041 Dominum
489 995 703 1042 conversi
729 1004 869 1051 sunt,
899 994 1078 1042 relictis
1099 996 1347 1043 erroribus
1381 998 1474 1043 suis
1499 1009 1544 1043 et

115 1068 430 1120 facinoribus,

179 1148 329 1196 Judaei
355 1159 513 1197 autem
540 1150 588 1196 in
616 1150 829 1214 nequitia
859 1161 1235 1214 perseverantes,
1264 1169 1374 1197 cum
1398 1151 1545 1197 vidis-

116 1237 221 1274 sent
256 1245 474 1293 magum,
517 1245 660 1293 quem
702 1228 936 1275 invictum
974 1227 1235 1293 putabant,
1282 1240 1330 1277 et
1367 1231 1544 1277 amicos

113 1308 213 1370 ejus
235 1306 282 1352 in
302 1305 546 1353 Christum
564 1305 827 1362 credentes,
848 1306 1214 1354 centurionibus
1227 1307 1543 1371 Jerosolymo-

115 1404 224 1433 rum
249 1388 403 1452 Lysiae
439 1405 492 1434 ac
529 1386 791 1434 Theocrito
829 1387 1052 1451 pecunias
1078 1387 1388 1444 obtulerunt,
1431 1399 1542 1436 teu—

116 1474 314 1529 tumque
335 1464 566 1512 Jacobum
591 1465 638 1511 in
663 1464 927 1513 custodiam
957 1465 1209 1513 miserunt.
1248 1467 1388 1513 Facta
1428 1484 1542 1513 vero

113 1540 372 1599 seditione,
406 1541 577 1589 ductus
608 1552 678 1589 est
706 1542 763 1588 ad
795 1542 1111 1600 audientiam,
1150 1552 1198 1589 et
1234 1543 1392 1591 mirati
1429 1554 1542 1589 sunt

113 1636 280 1667 omnes
310 1622 408 1684 ejus
440 1620 489 1666 in
522 1620 732 1668 Domino
773 1620 1108 1668 constantiam.
1152 1623 1478 1686 Interrogatus
1515 1640 1538 1668 a

113 1696 381 1762 pharisaeis,
419 1699 600 1763 optime
624 1698 896 1762 respondit,
931 1708 978 1746 et
1009 1698 1066 1746 de
1090 1700 1264 1745 sanctis
1290 1700 1540 1763 scripturis

112 1774 376 1839 prudenter
405 1786 452 1822 et
486 1775 770 1840 eloquenter
798 1775 1034 1822 tractavit.
1069 1775 1209 1823 Unde
1240 1776 1541 1822 nativitatem

112 1850 172 1897 de
203 1851 378 1897 intacta
401 1851 601 1916 Virgine
639 1861 686 1898 et
717 1852 986 1915 passionem
1023 1869 1074 1897 ac
1107 1852 1536 1906 resurrectionem,

114 1937 162 1974 et
193 1937 362 1974 caetera
397 1945 505 1993 quae
539 1926 597 1975 de
627 1927 818 1975 Christo
847 1927 1076 1974 catholica
1101 1926 1362 1974 confitetur
1388 1927 1542 1974 eccle—

114 2007 209 2063 sia,
237 2005 628 2072 irrefragabiliter
652 2005 891 2070 probavit.
918 2005 1139 2052 Feliciter
1158 2005 1375 2070 apostolo
1403 2022 1543 2069 pero-

114 2094 251 2131 rante
274 2102 441 2132 omnes
465 2084 772 2131 crediderunt
785 2120 798 2141 ,
823 2094 964 2148 atque
989 2094 1177 2147 peccata
1200 2101 1279 2130 sua
1304 2082 1541 2130 confiten-

116 2171 208 2219 tes,
235 2161 442 2210 ecclesiae
467 2162 552 2210 Dei
577 2161 782 2209 fideliter
803 2161 1122 2209 adhaeserunt.
1224 2150 1227 2151 ⁷

180 2244 291 2288 Post
307 2240 491 2306 aliquot
510 2240 630 2297 dies,
650 2239 880 2287 Abiathar
901 2240 1115 2304 pontifex
1133 2275 1145 2296 ,
1169 2239 1331 2286 videns
1351 2249 1537 2286 tantum

116 2319 325 2366 Domino
354 2319 588 2383 populum
620 2318 895 2374 credidisse,
925 2318 1108 2373 doluit,
1143 2318 1358 2382 datisque
1390 2335 1538 2382 pecu-

117 2398 233 2454 niis,
261 2408 330 2444 sat
359 2397 575 2444 acerbam
601 2397 885 2445 seditionem
914 2397 1161 2452 excitavit;
1205 2397 1266 2442 ita
1306 2407 1359 2442 ut
1391 2398 1539 2444 Josias

115 2474 267 2522 scriba
290 2476 453 2523 sunem
484 2478 530 2521 in
554 2475 681 2522 collo
713 2475 913 2539 apostoli
938 2475 1180 2533 mitteret,
1208 2474 1457 2537 ipsumque
1481 2475 1535 2519 ad

118 2559 397 2617 praetorium
431 2553 628 2601 Herodis
664 2554 784 2617 regis
823 2553 904 2599 filii
941 2551 1202 2599 Aristoboli
1238 2552 1532 2616 perduceret.

121 2632 325 2678 Herodes
343 2642 518 2689 autem,
540 2632 695 2678 saxcrc
717 2631 875 2677 wolon>
894 2631 1238 2693 =luzlzeis,jussit
1259 2648 1365 2678 cum
1386 2630 1537 2675 ‹lvi-ol-

121 2709 222 2755 lari.
264 2712 476 2775 Cumque
513 2711 713 2759 Jarobus
754 2709 1004 2757 ‘luceretur
1047 2711 1102 2755 ad
1138 2709 1498 2755 decollationem
1521 2746 1530 2761 ,
