1738 3043
251 235 324 272 21⁴
616 234 853 271 HISTORIA
887 233 1285 272 ECCLESMSTICA.

247 325 294 359 et
327 312 715 377 pradicationem
753 315 849 376 ejus
885 313 942 359 de
976 314 1184 360 Domino
1210 315 1319 361 Jesu
1348 313 1540 361 Christo
1566 315 1659 361 suis

246 388 594 454 objectionibus
619 407 945 455 conquassare.
981 391 1236 455 Apostolus
1266 408 1380 439 vero
1405 392 1454 437 in
1479 391 1661 456 Spiritu

247 469 421 513 Sancto
446 466 742 514 confidenter
771 468 890 532 egit,
920 485 1084 515 omnes
1109 468 1358 515 adversarii
1384 468 1662 516 assertiones

247 545 504 599 evacuavit,
522 545 658 609 eique
673 563 728 591 ex
745 544 917 591 divinis
932 546 1178 610 scripturis
1190 546 1349 592 Jesum
1367 545 1662 593 Nazarenum

247 640 342 670 esse
364 640 531 670 verum
556 622 707 669 filium
732 624 815 669 Dei
842 623 1069 670 ostendit.
1108 624 1335 670 Reversus
1366 622 1423 669 ad
1458 623 1663 671 Hermo-

245 717 414 764 genem
450 699 627 746 Filetus
659 716 960 763 summopere
993 700 1143 764 coepit
1175 698 1406 748 Jacobum
1439 699 1659 756 laudare,

246 778 549 842 allegationes
573 779 670 841 ejus
694 778 751 824 de
776 795 881 824 vera
907 778 998 824 fide
1026 777 1227 825 fideliter
1259 776 1551 842 approbare,
1588 776 1665 841 ip-

246 872 444 919 sumque
470 853 837 917 insuperabilem
863 854 1089 900 extollere
1105 889 1118 910 ,
1154 865 1203 901 et
1224 854 1372 900 multa
1397 870 1506 918 quae
1527 851 1665 900 vide-

247 942 321 978 rat
333 931 403 978 vel
421 930 632 977 audierat
646 930 869 976 miracula
885 929 1144 994 publicare.
1162 931 1376 996 Denique
1386 931 1666 995 magistrum

247 1008 571 1063 commonuit,
600 1017 654 1053 ut
678 1006 819 1054 ambo
845 1006 901 1052 ad
926 1007 1081 1071 ipsum
1098 1007 1331 1054 continuo
1355 1007 1508 1064 irent,
1535 1016 1583 1054 et
1605 1004 1666 1052 ab

246 1103 303 1134 eo
322 1085 667 1150 indulgentiam
682 1085 979 1149 postularent
992 1120 1006 1141 ,
1029 1087 1220 1149 ejusque
1236 1083 1453 1148 discipuli
1473 1083 1661 1132 fierent.

245 1163 567 1227 Hermogenes
607 1163 752 1227 igitur
788 1161 888 1209 zelo
925 1161 1132 1226 repletus
1163 1161 1368 1208 Filetum
1395 1161 1458 1207 ita
1482 1161 1665 1218 vinxit,

245 1250 301 1286 ut
326 1258 519 1289 movere
542 1257 588 1287 se
608 1257 709 1288 non
737 1251 912 1304 posset.
941 1238 1198 1303 Apostolus
1222 1256 1364 1296 vero,
1391 1249 1446 1285 ut
1467 1237 1557 1285 hoc
1579 1255 1667 1302 per

246 1335 450 1381 puerum
472 1317 610 1364 Fileti
634 1318 851 1382 agnovit,
879 1316 1121 1364 sudarium
1142 1334 1280 1363 suum
1300 1316 1369 1363 illi
1389 1315 1588 1373 direxit,
1613 1332 1670 1362 ac

247 1404 303 1440 ut
330 1395 438 1441 inde
469 1395 517 1440 in
544 1395 741 1441 nomine
764 1395 959 1441 Domini
987 1404 1261 1459 tangeretur
1283 1393 1529 1458 praecepit.
1557 1392 1666 1453 Quo

247 1470 375 1518 facto
392 1507 404 1526 ,
431 1488 544 1518 mox
568 1489 591 1517 a
614 1471 810 1518 vinculo
834 1472 957 1536 magi
982 1471 1217 1518 resolutus
1240 1470 1297 1517 ad
1319 1469 1551 1517 Jacobum
1579 1486 1668 1516 cu-

250 1548 427 1603 currit,
453 1547 825 1612 daemonicisque
851 1547 1091 1594 maleficiis
1113 1547 1375 1610 tripudians
1398 1546 1662 1593 insultavit.

248 1625 411 1690 Magus
436 1635 593 1672 autem
608 1661 620 1681 ,
646 1625 850 1671 nimium
873 1624 1037 1673 dolens
1052 1660 1065 1681 ,
1101 1634 1201 1672 arte
1225 1624 1403 1671 nefaria
1426 1623 1668 1671 daemones

249 1703 494 1759 excitavit,
525 1703 683 1767 eisque
716 1713 770 1748 ut
798 1702 1029 1750 Jacobum
1059 1712 1106 1748 et
1136 1701 1341 1749 Filetum
1363 1701 1550 1749 vinctos
1576 1700 1668 1747 sibi

249 1779 703 1843 addueel'entjussit.
727 1780 798 1825 llli
819 1797 933 1827 vero
954 1780 1196 1827 venientes
1218 1780 1267 1825 in
1289 1797 1394 1827 aere
1413 1788 1668 1844 coeperunt

249 1856 458 1913 ululare,
485 1867 532 1904 et
558 1856 855 1904 horribiliter
879 1859 1108 1923 conqueri
1140 1857 1294 1922 quod,
1323 1858 1469 1921 igneis
1492 1856 1668 1904 ibidem

251 1934 427 1980 catenis
451 1934 633 1999 religati
651 1970 665 1992 ‚
694 1935 1022 1981 cruciarentur
1045 1934 1104 1981 al)
1128 1934 1296 1999 angelo
1320 1934 1424 1982 Dei.
1454 1933 1668 1982 Tandem

251 2010 451 2074 apostoli
471 2012 604 2074 jussu
632 2009 835 2057 absoluti
866 2021 978 2057 sunt
991 2046 1004 2068 ‚
1032 2021 1079 2058 et
1102 2028 1233 2058 versa
1256 2011 1357 2058 vice
1379 2010 1436 2057 ad
1460 2011 1668 2058 Hermo-

249 2104 418 2151 genem
456 2087 728 2144 redierunt‚
767 2089 904 2153 eique
938 2088 996 2135 de
1031 2088 1234 2136 restibus
1268 2105 1292 2134 a
1332 2098 1467 2153 tergo
1500 2105 1667 2135 manus

252 2165 545 2230 ligaverunt,
573 2175 620 2211 et
639 2166 856 2212 vinctum
879 2165 935 2212 ad
961 2167 1229 2230 apostolum
1253 2166 1596 2230 perduxerunt.

315 2242 484 2288 Beatus
500 2261 613 2289 vero
630 2243 871 2307 apostolus
892 2244 1027 2290 illum
1046 2245 1333 2308 increpavit,
1351 2243 1666 2292 daemonicam

254 2321 525 2366 societatem
562 2319 745 2367 homini
784 2320 1106 2368 detestabilem
1144 2332 1192 2368 et
1235 2322 1436 2369 omnino
1472 2322 1665 2369 noxiam

253 2414 348 2442 esse
369 2398 587 2452 asseruit,
618 2396 941 2462 humilemque
966 2416 1156 2462 magum
1190 2409 1237 2446 et
1272 2398 1525 2446 confusum
1555 2408 1665 2445 ante

254 2491 298 2520 se
332 2484 535 2520 stantem
563 2492 586 2520 a
613 2473 766 2521 Fileto
793 2475 910 2522 solvi
935 2477 1179 2540 praecepit.
1217 2474 1472 2522 Absolutus
1506 2476 1665 2539 itaque

254 2549 472 2596 baculum
493 2551 692 2614 apostoli
716 2562 882 2598 contra
906 2553 1181 2600 damonum
1199 2553 1287 2598 iras
1303 2552 1526 2615 sumpsit,
1544 2561 1590 2598 et
1605 2551 1664 2598 de

251 2628 395 2675 domo
421 2647 494 2674 sua
524 2629 742 2675 zabernas
763 2630 1002 2676 codicibus
1028 2631 1185 2694 plenas
1201 2666 1212 2685 ‚
1242 2629 1502 2676 cervicibus
1525 2629 1659 2676 disci-

255 2705 472 2767 pulorum
513 2723 703 2750 snorum
750 2707 1016 2769 impositaS,
1061 2707 1235 2753 attulit.
1280 2706 1458 2753 Deinde
1498 2723 1661 2753 omncs
