1738 3043
557 263 711 303 LIBER
740 263 1022 303 SECUNDUS.
1428 268 1507 307 305

75 345 262 412 adjutus
294 345 466 391 multas
504 344 719 391 ecclesias
755 345 1052 401 construxit,
1092 354 1140 392 ct
1172 345 1419 412 episcopos
1454 365 1507 394 ac

74 425 382 490 presbyteros
414 441 526 470 cum
554 423 749 488 reliquis
781 422 1032 470 ordinibus
1057 424 1198 470 sacris
1223 425 1272 471 in
1298 425 1507 474 Ecclesia

76 502 335 551 ordinavit.
358 500 540 549 Deinde
559 519 644 566 per
658 500 996 549 revelationem
1016 502 1073 548 ad
1090 502 1250 549 Asiam
1267 522 1505 562 reversus,

78 583 126 629 in
159 582 350 629 civitate
381 580 622 646 Hierapoli
658 591 982 628 commoratus
1014 581 1271 646 malignam
1304 584 1512 631 extinxit

77 660 298 708 haeresim
331 659 695 716 Ebionitarum‚
732 660 814 725 qui
851 660 1116 707 Dominum
1147 662 1308 708 Jesum
1336 673 1512 728 negant

76 755 172 786 esse
197 738 285 786 Dei
311 737 464 785 filium
479 773 492 794 ‚
519 754 608 783 nec
627 735 836 784 hominis
858 754 1034 802 corpus
1059 739 1311 802 sumpsisse
1329 740 1386 787 de
1405 741 1512 788 Vir-

75 817 187 882 gine
212 833 396 864 verum.
422 817 540 863 Duae
564 832 679 863 vero
704 814 815 862 {iliae
836 817 937 881 ejus
960 817 1286 864 sacratissima}
1302 818 1510 883 virgines

77 894 142 942 ibi
169 905 330 953 erant,
364 912 450 960 per
472 911 588 960 quas
612 894 849 942 Dominus
877 895 1244 944 multitudinem
1267 896 1512 962 virginum

74 973 284 1021 lucratus
309 983 395 1021 est.
428 974 531 1038 Ipse
556 984 716 1021 autem
740 983 850 1021 ante
874 983 1057 1039 septem
1086 974 1184 1022 dies
1209 975 1511 1040 migrationis

74 1071 198 1111 suae,
239 1051 547 1118 presbyteros
586 1062 633 1100 et
663 1051 889 1100 diaconos
928 1063 975 1101 et
1008 1054 1277 1101 vicinarum
1313 1054 1511 1102 urqum

75 1131 322 1197 episcopos
345 1131 401 1178 ad
432 1149 479 1178 se
502 1132 716 1189 vocavit3
745 1132 930 1198 eisque,
959 1132 1092 1198 quod
1115 1143 1296 1198 septem
1321 1144 1510 1181 tantum

75 1208 241 1257 diebus
261 1210 425 1257 vitales
447 1227 581 1256 auras
605 1219 848 1274 carperet,
873 1210 1117 1275 praedixit.
1140 1210 1322 1259 Deinde
1342 1229 1509 1260 omnes

77 1288 380 1336 commonuit
422 1299 475 1334 ut
517 1288 565 1334 in
610 1287 702 1335 fide
740 1288 946 1336 viriliter
981 1299 1162 1336 starent
1194 1299 1241 1336 et
1273 1288 1510 1337 doctrinae

74 1365 270 1413 Domini
295 1383 480 1430 semper
502 1382 738 1412 memores
763 1376 936 1413 essent.
958 1366 1177 1431 Denique
1202 1364 1368 1414 beatus
1392 1384 1510 1431 apo-

75 1443 224 1492 stolus
238 1480 251 1502 ,
274 1455 529 1508 postquam
554 1444 744 1507 copiose
763 1443 1041 1492 exhortatus
1059 1454 1129 1491 est
1146 1444 1407 1509 populum,
1429 1462 1510 1492 an-

75 1540 254 1571 norum
279 1527 450 1580 Lxxx⁰,
479 1533 525 1570 et
545 1532 634 1569 vu⁰
655 1522 747 1569 kal.
768 1523 878 1569 maii
903 1523 1113 1588 perrexit
1136 1523 1194 1570 ad
1213 1523 1506 1580 Dominum;

75 1612 124 1648 et
146 1601 388 1666 Hierapoli
421 1600 714 1647 tumulatum
735 1611 804 1648 est
827 1618 1000 1665 corpus
1020 1603 1117 1665 ejus
1135 1601 1504 1648 sanctissimum.

73 1681 188 1728 Post
217 1680 487 1746 aliquantos
513 1697 665 1727 annos
689 1680 796 1727 duae
830 1680 942 1727 filiae
975 1683 1072 1745 ejus
1103 1680 1268 1728 dextra
1300 1681 1512 1746 laevaque

75 1757 273 1822 sepultae
292 1768 429 1815 sunt;
454 1756 616 1822 ibique
634 1757 783 1804 multa
800 1756 1030 1805 beneficia
1049 1756 1255 1805 fideliter
1271 1758 1511 1822 poscenti-

74 1834 162 1881 bus
195 1834 321 1882 fiunt
351 1835 534 1882 meritis
560 1835 711 1892 illius,
749 1834 805 1880 ad
835 1852 979 1899 quem
1009 1835 1148 1881 amici
1179 1835 1341 1899 sponsi
1373 1852 1509 1881 acce-

74 1912 221 1968 dunt,
241 1922 288 1960 et
313 1911 627 1976 tripudiantes
647 1912 784 1958 claris
808 1911 1005 1958 vocibus
1028 1913 1090 1958 ita
1116 1924 1296 1959 canunt
1317 1932 1328 1958 2
1357 1914 1511 1960 Proui

74 2005 333 2057 rogamus,
356 1991 611 2056 Phc'lc‘ppe,
633 2008 686 2037 OS
707 1990 956 2057 lampadis
979 2010 989 2036 :
1008 1993 1127 2056 pias
1145 1991 1349 2037 coelestis
1365 2009 1506 2037 aures

69 2070 218 2136 pulsa
230 2069 450 2135 judicis;
478 2081 527 2114 ut
557 2086 667 2134 quae
689 2087 926 2115 meremur
943 2069 1144 2135 repellat
1165 2070 1434 2135 supplicia,
1462 2081 1506 2114 et

72 2167 184 2214 qua?
203 2167 465 2216 precamur
484 2148 563 2194 (let
587 2166 798 2214 superna
814 2147 1025 2212 gaudia.
1051 2150 1207 2194 Amen
1227 2150 1318 2212 (1).

120 2374 170 2419 (ι)
196 2373 303 2408 Cette
337 2371 492 2420 legende
524 2379 577 2406 est
610 2373 826 2419 cinpruntee
863 2383 1018 2420 presque
1046 2372 1309 2408 litteralement
1338 2386 1383 2408 au
1415 2374 1499 2409 saux

71 2430 229 2476 Abdias,
257 2431 349 2467 dont
375 2431 443 2466 elle
468 2432 650 2466 constitue
678 2431 711 2465 le
736 2431 826 2466 livre
853 2444 884 2466 x.
907 2432 1008 2466 'rout
1028 2444 1068 2466 cc
1088 2432 1200 2479 qu’on
1228 2433 1295 2467 sait
1324 2444 1386 2468 sur
1405 2434 1498 2468 saint

71 2488 264 2538 Philippe‚
287 2498 342 2526 cst
359 2491 450 2538 qu'il
478 2490 612 2537 preclia
633 2490 663 2524 la
688 2489 738 2524 soi
757 2489 846 2525 (lans
872 2490 922 2525 les
942 2491 1036 2525 ‹leux
1060 2491 1260 2538 Phrygios,
1288 2498 1325 2526 ct
1349 2492 1406 2527 sut
1431 2505 1497 2527 en—

71 2552 169 2584 ωτι-ό,
196 2549 286 2585 dans
315 2550 348 2585 la
374 2550 535 2597 Pln'ygie
560 2549 795 2592 Pacatienne,
819 2562 902 2584 avec
928 2549 1023 2584 deux
1047 2550 1093 2584 de
1119 2563 1172 2585 ses
1200 2551 1306 2594 mles,
1335 2552 1496 2597 viergcs,

72 2608 137 2655 qui
156 2616 221 2644 ont
237 2612 294 2645 ete
310 2617 465 2645 souvent
484 2609 710 2644 confonducs
729 2622 811 2643 avec
826 2608 875 2643 les
894 2609 982 2643 lillcs
999 2609 1045 2643 dc
1060 2611 1154 2644 saint
1173 2611 1342 2658 Philippo
1361 2611 1496 2644 macic.

75 2667 137 2703 Ou
157 2670 269 2713 croit,
291 2670 432 2717 d'apres
457 2683 507 2705 un
537 2682 684 2717 passage
707 2668 752 2703 (lc
781 2669 876 2702 saint
902 2669 1052 2712 lre'nt'v,
1081 2670 1167 2717 ‹111⁷il
1188 2672 1292 2705 vocnt
1317 2683 1361 2704 au
1383 2670 1500 2703 moins

2 2733 4 2762 ,¹
71 2727 242 2775 jusqu'cn
261 2730 318 2764 81.
340 2730 441 2765 *Nous
460 2743 505 2766 ue
531 2742 687 2777 pensons
709 2742 769 2777 pas
797 2741 868 2777 quc
895 2736 951 2764 cet
976 2729 1102 2776 apinrc
1125 2732 1175 2765 ait
1204 2733 1261 2765 etc
1285 2744 1330 2765 cn
1358 2736 1498 2764 contact

75 2799 158 2822 avt-c
176 2788 226 2822 les
245 2780 443 2825 Ebionitcs.

182 2868 188 2894 Ι
201 2886 209 2895 .
1247 2868 1301 2895 ’ἒο
