1738 3043
3 2700 7 2746 ¹.

577 270 730 309 Lllffln
762 270 972 310 PIUMUS.
1415 278 1491 313 117

60 360 246 396 secutus
283 359 368 396 cst.
408 349 572 413 l'agani
610 348 734 412 apud
767 348 990 396 Sebastcn
1029 351 1285 399 l’alaestinae
1322 352 1490 399 urbem

60 425 330 491 sepulcrum
353 426 549 472 Joannis
575 425 800 489 Baptistae
825 426 1084 483 invadunt,
1114 439 1159 473 rt
1186 446 1286 475 ossa
1310 430 1490 495 disper-

59 514 198 569 gunt,
217 504 474 570 cademque
485 521 647 550 rursus
665 503 859 551 collecta
876 515 923 552 et
935 517 1139 552 cremata
1158 507 1297 553 latius
1315 508 1493 573 disper-

59 593 198 647 gunt.
246 582 336 630 Sed
378 583 461 629 Dci
503 581 803 646 providentia
844 583 1038 648 quidam
1086 603 1141 631 cx
1180 586 1493 653 Jcrusolymis

61 660 282 709 monachi
317 662 586 718 affuerunt,
626 661 708 726 qui
744 663 882 708 mixti
916 662 1255 728 colligentibus
1288 683 1495 730 quaeque

61 750 287 804 poterant
314 738 467 785 ablata
502 738 560 785 ad
589 749 775 804 patrem
805 758 945 786 suum
976 740 1250 806 Philippum
1281 743 1493 806 pertule—

62 827 196 862 runt.
216 816 299 863 llle
316 815 570 864 confestim
585 815 705 875 haec,
729 817 837 883 quia
857 835 998 882 supra
1017 835 1064 865 se
1079 817 1284 865 ducebat
1307 829 1495 865 tantum

64 891 337 941 thesaurum
348 894 558 959 propriis
572 912 757 942 servare
772 895 965 960 vigiliis,
979 894 1042 942 ‘ad
1057 895 1338 960 pontificcm
1353 897 1496 943 maxi-

61 990 196 1019 mum
217 982 333 1019 tunc
346 970 658 1020 Athanasium
671 1009 684 1031 ,
703 991 789 1038 per
807 973 1051 1020 Julianum
1070 973 1319 1022 diaconem
1336 992 1496 1032 suum,

63 1052 208 1099 misit.
231 1051 351 1112 Quae
371 1051 449 1098 ille
467 1062 698 1116 suscepta,
721 1052 882 1117 paucis
903 1051 1097 1098 arbitris
1118 1053 1218 1116 (1),
1241 1052 1498 1100 subcavato

61 1128 250 1176 sacrarii
280 1128 461 1193 pariete
492 1128 711 1186 inclusit,
742 1140 788 1176 et
817 1128 1105 1194 prophetico
1129 1129 1303 1193 spiritu
1328 1130 1499 1194 profu-

65 1217 169 1253 tura
186 1206 484 1272 generationi
498 1217 704 1270 posterae
722 1207 1038 1254 consecravit.
1058 1206 1201 1271 Cujus
1214 1207 1500 1273 praesagium

63 1283 152 1331 sub
185 1283 458 1331 Theodosio
495 1284 715 1349 principe
747 1303 832 1349 per
858 1283 1185 1349 Theophilum
1221 1286 1500 1350 episcopum

63 1362 364 1411 Alexandriae
390 1363 688 1427 completur,
721 1364 830 1428 qui,
863 1363 1108 1410 destructo
1133 1364 1318 1428 Serapis
1345 1364 1501 1428 sepul-

64 1459 175 1500 cro,
201 1442 351 1488 sancti
383 1441 580 1488 Joannis
607 1440 786 1489 ibidem
810 1441 1054 1489 ecclesiam
1085 1442 1382 1490 consecravit
1412 1443 1499 1505 (2).

128 1521 412 1569 Jovinianus
436 1537 620 1568 menses
643 1537 747 1568 v111.
777 1520 1032 1587 [Synodus
1056 1520 1328 1569 Antiochiae
1348 1539 1372 1568 a
1393 1521 1503 1569 Me-

66 1599 181 1648 letio
205 1609 252 1647 et
275 1599 370 1645 suis
398 1598 521 1646 sacta
545 1598 645 1663 est]
662 1635 675 1656 ,
711 1599 759 1646 in
792 1617 885 1665 qua
911 1599 1309 1648 Macedonianum
1333 1600 1505 1666 dogma

67 1678 304 1743 Spiritum
340 1677 569 1724 Sanctum
612 1676 947 1742 blasphemans
995 1677 1371 1726 condemnatum
1411 1690 1496 1727 est.

65 1757 343 1804 :Iovinianus
371 1766 626 1822 postquam
663 1756 711 1802 in
748 1773 815 1803 xx
848 1768 896 1804 et
935 1773 982 1803 1x
1018 1774 1169 1804 annos
1193 1774 1357 1822 pacem
1393 1775 1504 1803 cum

66 1836 216 1883 Persis
243 1835 542 1899 composuit,
572 1834 629 1880 ad
658 1852 915 1882 romanum
947 1852 1185 1900 regressus
1216 1845 1286 1882 est
1314 1835 1469 1882 solum
1485 1854 1499 1891 3

66 1912 296 1978 lapsuque
321 1912 591 1959 Constantii
617 1912 978 1976 praedecessoris
1011 1913 1312 1969 admonitus,
1339 1911 1505 1959 hono-

68 1991 215 2038 rificis
233 2001 279 2037 et
303 1990 660 2037 officiosissimis
684 1989 1001 2036 Athanasium
1028 1990 1201 2036 litteris
1225 1990 1456 2054 requirit,
1481 2006 1504 2035 a

70 2087 169 2136 quo
199 2068 404 2116 formam
439 2066 580 2128 fidei,
615 2077 661 2115 et
685 2067 885 2114 modum
911 2067 1217 2115 ecclesiarum
1243 2067 1508 2132 disponen-

70 2148 240 2196 darum
264 2147 486 2212 suscepit.
524 2147 616 2194 Sed
649 2149 746 2211 ejus
771 2148 847 2211 pia
884 2147 1087 2211 ltetaquc
1114 2147 1352 2211 principia
1375 2164 1505 2194 mors

73 2226 325 2274 immatura
350 2224 476 2290 apud
496 2224 713 2271 Ciliciam
739 2225 958 2288 corrupit
980 2225 1074 2287 (3).

119 2407 171 2452 (ι)
197 2405 351 2441 Arbiter
367 2410 422 2438 est
440 2404 516 2451 pris
535 2403 581 2438 ici
600 2403 690 2437 dans
709 2402 742 2437 lc
762 2414 843 2438 sens
862 2401 907 2437 de
928 2404 1047 2443 testis,
1068 2403 1248 2437 conscius.

122 2467 171 2511 (2)
197 2463 421 2511 (Decembre
437 2461 666 2508 361-26juiu
681 2461 777 2507 563).
793 2461 917 2496 Julicn
931 2462 1027 2496 avait
1038 2463 1096 2496 etc
1113 2460 1298 2508 proclamc
1313 2472 1508 2507 cnipcrcnr

77 2525 210 2573 parles
237 2524 390 2565 soldats,
418 2523 482 2557 des
509 2523 542 2557 le
566 2523 772 2570 printcnips
799 2522 844 2556 dc
871 2520 952 2557 560.
980 2523 1032 2556 Ce
1062 2522 1188 2569 prince
1215 2521 1273 2555 n'a
1294 2521 1425 2566 jamnis
1452 2522 1509 2554 «²11³

76 2585 221 2628 diacre,
246 2597 387 2620 comme
406 2591 511 2618 notre
531 2590 663 2617 auteur
679 2582 841 2617 l'allirmc
861 2595 925 2629 par
944 2581 1110 2617 addition
1130 2594 1176 2616 au
1201 2589 1297 2616 texte
1321 2581 1366 2615 dc
1392 2580 1504 2618 Brdv,

77 2645 169 2679 mais
187 2644 388 2679 seulement
406 2643 557 2678 lcctcur.
576 2644 621 2677 La
637 2642 866 2677 destruction
881 2641 929 2675 dn
949 2641 1082 2689 temple
1100 2641 1146 2676 de
1161 2642 1306 2688 Serapis
1321 2642 1339 2674 ἐι
1356 2640 1506 2675 Alexan-

79 2702 178 2744 drie,
198 2710 234 2737 et
253 2702 284 2737 la
304 2702 555 2737 construction
576 2700 686 2735 d’unc
706 2700 818 2748 eglise
845 2700 974 2735 ‹ld-dic(-
993 2703 1011 2735 ὶι
1038 2701 1131 2735 saint
1152 2700 1425 2745 ,lean-Baptssn·
1447 2711 1500 2731 su»

82 2774 147 2797 son
165 2762 446 2808 emplacemcnt,
469 2762 673 2796 arrivcrcnt
687 2774 731 2795 cn
752 2760 831 2808 389.

132 2818 179 2864 13)
209 2820 303 2854 Lisez
330 2820 519 2854 Ina-ianm.
540 2827 605 2867 (77
621 2820 705 2865 juin
724 2817 862 2855 365-ιὸ
881 2819 1012 2854 levrici·
1032 2817 1132 2862 504).
1158 2819 1204 2852 Lc
1233 2816 1370 2850 conc-il«-
1392 2816 1423 2848 ‹l‘
1441 2819 1506 2849 *mn
