1738 3043
595 223 749 263 LIBER
777 223 1057 263 SECUNDUs.
1462 230 1537 267 :317

115 301 216 347 tibi.
255 302 426 348 Statim
457 302 596 366 jussit
628 303 684 349 ad
719 302 955 350 Thomam
989 305 1146 361 mitti,
1182 315 1230 351 et
1262 304 1481 354 manibus
1516 326 1539 354 a

114 389 247 444 tergo
271 380 424 445 ligatis
446 391 557 428 ante
581 399 629 429 se
652 380 838 428 adduci.
873 382 1094 431 Adducto
1125 393 1283 432 autem
1311 387 1539 452 praecepit

110 468 164 504 ut
186 460 491 523 persuasione
522 479 601 507 sua
625 460 840 524 deceptas
872 461 1094 509 mulieres
1125 463 1398 511 restitueret
1430 463 1539 511 tha—

108 536 235 583 lamo
275 538 532 603 conjugali.
573 538 716 602 Quod
749 556 859 585 cum
899 538 977 586 ille
1016 539 1170 588 facere
1205 540 1534 600 detrectasset,

109 615 327 682 ipsosque
348 628 673 682 persecutores
691 617 868 665 salvare
885 635 971 682 per
995 618 1138 666 fidem
1159 620 1423 678 maluisset,
1448 622 1538 668 ira-

107 703 181 740 tus
215 713 299 742 rex
329 697 468 760 jussit
502 696 657 744 lances
691 696 867 744 ferreas
893 697 1035 762 igniri
1067 707 1114 744 et
1145 698 1417 763 apostolum
1449 717 1536 746 ex-

104 773 318 830 calciari,
354 784 408 821 ut
441 773 581 820 nudis
610 772 810 838 pedibus
845 791 987 839 super
1022 785 1149 822 stans
1189 775 1280 823 hoe
1314 776 1537 824 deficeret

102 852 287 901 dolore.
337 853 566 903 Protinus
610 853 838 918 prorupit
887 871 1005 919 aqua
1058 864 1106 901 et
1152 855 1376 902 extinctae
1424 866 1537 902 sunt

101 931 275 979 lances.
302 931 483 979 Deinde
508 931 710 979 consilio
735 931 899 978 Carisii
926 932 1095 979 missus
1119 943 1189 980 est
1213 933 1263 979 in
1287 932 1534 980 fornacem

102 1009 398 1058 thermarum
408 1029 422 1068 ;
455 1009 534 1057 sed
559 1009 760 1057 thermae
784 1009 911 1056 ultra
933 1009 1084 1058 calere
1109 1028 1210 1058 non
1236 1021 1529 1075 potuerunt,

99 1100 147 1137 et
169 1089 413 1154 apostolus
432 1089 584 1136 altero
603 1087 678 1136 die
698 1088 953 1136 incolumis
975 1106 1184 1154 egressus
1203 1100 1289 1136 est.
1315 1089 1533 1155 Denique

99 1178 360 1233 coegerunt
397 1167 534 1213 illum
576 1178 630 1214 ut
664 1166 921 1214 simulacro
962 1167 1073 1215 solis
1114 1168 1310 1215 offerret
1347 1169 1532 1216 sacrifi—

99 1246 244 1293 cium.
275 1246 394 1291 Erat
425 1255 586 1293 autem
619 1255 770 1291 statua
803 1244 915 1292 solis
945 1263 1001 1293 ex
1029 1262 1147 1292 auro
1177 1244 1323 1304 facta,
1355 1245 1531 1294 habens

97 1324 377 1390 quadrigam
408 1342 645 1390 equorum
674 1342 867 1371 auream
897 1335 946 1371 et
976 1342 1198 1382 currum,
1226 1324 1308 1372 ubi
1334 1324 1530 1373 habenis

95 1403 281 1459 effusis,
302 1403 435 1468 quasi
461 1421 603 1449 cursu
626 1403 794 1467 rapido
814 1402 1042 1468 agebatur
1061 1403 1118 1450 ad
1143 1404 1310 1452 coelos.
1335 1406 1387 1452 In
1411 1415 1531 1452 tem-

95 1481 178 1546 plo
211 1481 411 1546 gentiles
442 1480 695 1529 barbarico
728 1482 828 1528 ritu
855 1481 1028 1529 choros
1053 1481 1315 1540 ducebant,
1345 1494 1392 1531 et
1421 1485 1527 1530 vir-

93 1560 226 1625 gines
260 1577 371 1606 cum
406 1560 523 1625 lyris
556 1559 839 1617 cantabant,
876 1578 985 1607 eum
1021 1558 1151 1607 tibiis
1179 1571 1226 1608 et
1257 1562 1525 1627 tympanis,

94 1657 204 1686 eum
227 1638 378 1687 titulis
397 1640 468 1703 (ι)
495 1650 638 1705 atque
663 1638 942 1686 thuribulis.
972 1639 1189 1705 Cumque
1208 1658 1292 1687 rex
1316 1650 1364 1687 et
1387 1642 1526 1688 amici

93 1719 192 1782 ejus
217 1717 330 1764 illuc
355 1718 626 1782 apostolum
661 1717 1067 1775 introduxissent,
1105 1729 1152 1766 et
1187 1719 1435 1767 immolare
1460 1721 1527 1766 si—

92 1795 308 1843 mulacro
331 1795 441 1842 solis
463 1795 530 1841 illi
556 1794 921 1859 persuaderent,
952 1796 1048 1859 ipse
1071 1795 1281 1842 daemoni
1301 1796 1526 1844 hebraico

93 1891 313 1921 sermone
344 1874 575 1938 praecepit
604 1883 657 1918 ut
688 1873 863 1929 exiret,
894 1873 1080 1938 sibique
1111 1891 1340 1938 apparens
1367 1875 1525 1939 impe-

94 1963 193 1999 rata
235 1952 503 2017 perliceret.
551 1952 773 2015 Egressus
813 1961 972 1998 autem
1013 1951 1203 1999 daemon
1246 1953 1378 1999 stetit
1415 1964 1524 2000 ante

94 2049 229 2087 eum,
259 2031 321 2076 ita
348 2041 400 2076 ut
425 2030 550 2077 solus
575 2029 756 2077 videret
778 2048 904 2077 eum.
927 2030 1184 2094 Apostolus
1204 2049 1313 2076 cum
1343 2031 1525 2079 Zabulo

94 2109 315 2157 hebraice
347 2107 655 2175 loquebatur,
689 2119 736 2155 et
768 2108 928 2155 nullus
961 2107 1137 2156 sciebat
1167 2108 1284 2173 quid
1313 2108 1521 2166 diceret,

94 2187 167 2235 vel
193 2188 267 2234 eui
297 2188 590 2252 loqueretur.

159 2265 376 2312 Tandem
402 2282 510 2310 eum
531 2275 717 2311 sanctus
738 2265 946 2312 Thomas
969 2264 1169 2312 adorans
1188 2267 1453 2313 Dominum
1473 2267 1520 2312 in

97 2343 276 2408 templo
301 2361 452 2408 genua
481 2342 712 2400 flexisset,
746 2354 794 2389 et
826 2343 1034 2391 daemoni
1071 2363 1178 2409 rege
1210 2355 1446 2409 praesente
1473 2345 1521 2391 in

94 2420 268 2467 Christi
294 2422 491 2468 nomine
516 2422 816 2486 praecepisset
847 2434 900 2469 ut
927 2423 1169 2470 neminem
1199 2423 1415 2479 laederet,
1443 2424 1521 2469 sed

140 2635 189 2678 (ι)
212 2633 313 2668 Nous
340 2647 496 2681 pensons
523 2647 595 2682 quc
622 2636 749 2668 timim·
776 2636 919 2682 signilie
945 2637 989 2671 ici
1021 2638 1258 2684 inscription,
1286 2640 1444 2672 cci-iwan
1473 2651 1517 2672 cn

94 2691 289 2727 l’honneur
307 2692 357 2728 du
379 2693 478 2728 dieu.
502 2694 597 2728 Dans
611 2693 643 2728 le
659 2694 739 2728 saux
758 2694 911 2735 Abdias,
928 2707 974 2729 on
995 2695 1053 2737 lit,
1074 2707 1117 2730 au
1135 2696 1207 2731 lieu
1223 2696 1268 2731 de
1285 2698 1399 2730 titulis
1420 2715 1424 2729 ;
1452 2710 1516 2732 ra-

94 2753 197 2795 ullis,
224 2754 329 2799 petits
345 2766 440 2788 rasos
457 2767 518 2789 sur
539 2754 692 2800 lvsquels
711 2767 756 2789 on
778 2754 908 2789 lui-ulai!
931 2755 993 2790 des
1014 2756 1188 2802 pai-sums.
