1738 3043
557 255 713 296 LIBER
739 255 1023 298 SECUNDUS.
1428 264 1507 302 227

75 336 271 385 Domini
301 335 511 395 audivit,
537 336 716 383 relictis
747 336 974 384 omnibus
1008 339 1162 402 ipsum
1194 340 1327 405 sequi
1357 357 1507 406 usque

76 417 133 463 ad
171 425 378 463 mortem
415 415 661 480 expeditus
697 415 908 472 studuit,
952 416 1008 461 ad
1044 416 1301 465 ineffabilis
1338 421 1509 485 cogni-

78 495 261 543 tionem
284 493 473 540 deitatis
492 491 788 540 conscendit.
817 492 882 538 Et
902 493 1013 557 quia
1038 493 1229 540 coelitus
1256 495 1510 561 inspiratus

76 591 217 638 supra
245 571 508 619 humanum
533 570 832 619 intellectum
859 571 1036 618 divinae
1065 571 1262 620 theoria}
1287 574 1512 622 ardenter

78 652 304 709 inhiavit,
348 661 395 699 et
434 649 686 697 altisonam
727 666 896 697 vocem
933 650 1156 715 gloriosae
1196 652 1511 702 confessionis

78 730 284 779 fideliter
302 728 622 794 deprompsit,
645 727 808 775 dicens
829 745 839 772 t
864 729 938 773 Tu
959 746 1007 775 es
1031 728 1400 794 Clzristusfilc'us
1418 733 1517 779 Dec·

77 812 202 868 vivi,
251 810 354 873 ipso
400 806 844 873 incomparabiliter
885 819 1281 872 recompensante
1323 810 1515 859 Christo

76 889 255 936 meruit
281 886 536 943 honorari,
569 896 615 933 et
641 885 867 933 Ecclesiae
892 897 1035 950 caput
1060 903 1112 932 ac
1140 885 1516 936 fundamentum

78 965 310 1013 ordinari.
336 966 512 1029 Largus
531 964 662 1011 enim
680 963 951 1011 retributor
968 964 1050 1029 qui
1068 965 1291 1011 notitiam
1311 967 1380 1013 sui
1401 966 1517 1014 divi-

78 1046 207 1093 nitus
230 1044 570 1108 inspiraverat,
593 1043 700 1106 puri
724 1042 880 1090 cordis
901 1042 1044 1090 fidem
1062 1044 1301 1108 prolatam
1317 1064 1403 1110 per
1419 1048 1517 1094 oris

77 1121 428 1171 confessionem
454 1119 711 1184 principali
738 1121 1024 1167 auctoritate
1047 1133 1326 1168 remunerat
1355 1143 1364 1168 :
1393 1125 1519 1170 Bea-

80 1212 154 1247 tus
185 1218 235 1246 es
249 1236 264 1256 ,
297 1198 456 1263 inquit
478 1233 490 1253 ,
524 1196 695 1244 Simon
726 1198 980 1261 Barl'ona,
1020 1199 1139 1262 quia
1174 1217 1290 1246 caro
1324 1211 1368 1246 ec
1399 1219 1519 1247 san-

75 1279 191 1344 guis
222 1294 319 1323 non
346 1274 568 1322 revelavit
599 1274 710 1333 tibi,
752 1275 841 1321 sed
873 1277 1023 1322 Pater
1050 1293 1208 1334 meus,
1247 1278 1335 1341 qui
1366 1289 1435 1324 est
1470 1279 1521 1325 in

80 1355 216 1403 coelz's
237 1354 331 1419 (ι).

146 1434 270 1482 Vere
302 1432 468 1480 beatus
493 1442 562 1479 est
592 1433 757 1480 Simon
777 1469 789 1489 ,
826 1433 872 1479 id
898 1443 967 1480 est
991 1432 1245 1491 obediens,
1281 1435 1364 1500 qui
1396 1437 1520 1483 Bar-

74 1514 208 1577 jona,
234 1511 280 1557 id
299 1511 515 1576 est-filius
535 1510 791 1569 columboe,
820 1510 1016 1568 dicitur,
1040 1530 1132 1577 qua
1153 1513 1360 1577 Spiritus
1381 1514 1519 1561 Sanc-

83 1601 158 1637 tus
177 1589 471 1654 designatur.
496 1589 592 1635 Vir
606 1588 857 1646 obediens,
875 1600 929 1636 ut
947 1591 1013 1636 ait
1031 1590 1259 1638 Salomon
1273 1627 1286 1648 ,
1311 1592 1524 1657 loquitur

80 1671 319 1716 victorias
338 1668 427 1732 (2).
457 1667 549 1728 Qui
577 1667 694 1714 dum
715 1668 950 1732 jussiones
976 1669 1266 1716 incessanter
1297 1670 1519 1718 observat

83 1749 290 1806 divinas,
331 1748 380 1794 in
421 1746 716 1813 quotidianis
758 1747 1066 1794 conflictibus
1102 1766 1188 1813 per
1231 1751 1519 1798 tentationes

82 1829 397 1894 impugnatur
420 1828 600 1883 x-arias;
634 1827 831 1892 ipsoque
858 1827 905 1873 in
938 1826 1173 1873 mandatis
1198 1829 1282 1875 Dei
1304 1846 1519 1892 perseve-

83 1916 249 1962 rante,
276 1915 529 1970 superatur
554 1904 763 1951 Satanas.
795 1904 921 1964 Quid
946 1905 1075 1951 enim
1100 1904 1230 1950 aliud
1254 1904 1415 1952 divina
1446 1906 1519 1953 lex

85 1985 288 2048 imperat
313 1983 387 2029 rel
421 1982 587 2038 docet,
625 1982 711 2028 nisi
750 1991 803 2027 ut
835 1982 992 2028 omnis
1028 1981 1174 2028 homo
1208 1984 1410 2030 creatori
1435 2002 1521 2031 suo

84 2064 286 2120 militet,
319 2080 430 2109 cum
460 2061 661 2126 antiquo
682 2071 902 2125 serpente
927 2061 1007 2125 qui
1033 2060 1173 2107 nobis
1195 2079 1382 2125 semper
1409 2063 1524 2109 iusi-

83 2142 264 2198 diatur,
286 2140 511 2196 dimicet,
544 2150 591 2185 et
618 2138 837 2185 bravium
865 2156 1085 2203 supcrnae
1113 2139 1375 2186 vocationis
1395 2139 1523 2186 ohti-

88 2238 203 2268 nere
231 2217 451 2266 insudet?
481 2219 620 2264 Tunc
649 2217 792 2265 fortis
816 2217 901 2264 Dei
930 2217 1142 2282 agonista
1175 2217 1343 2281 procul
1372 2215 1522 2264 dubio

88 2298 308 2364 loquitur
327 2296 570 2351 victorias,
593 2295 732 2352 (lum,
755 2306 998 2360 prostrato
1023 2296 1237 2354 inimico,
1260 2296 1521 2360 protectori

89 2394 176 2424 suo
201 2375 409 2424 celebrat
429 2375 528 2422 Deo
548 2375 743 2439 gratias,
767 2374 927 2421 dicens
953 2393 1058 2420 cum
1086 2373 1318 2438 propheta
1346 2395 1355 2420 :
1381 2375 1525 2420 Prae-

91 2457 292 2502 cinxisti
319 2472 392 2501 me
418 2456 591 2499 virtulo
613 2454 684 2498 ad
708 2453 907 2509 bellum,
941 2465 984 2498 et
1014 2453 1347 2519 .s·uppls1nlasti
1370 2454 1528 2499 insat·—

91 2544 256 2596 gentes
283 2534 332 2578 in
359 2549 434 2577 me
456 2529 624 2577 subtus
645 2548 720 2577 me
738 2531 837 2593 (5);
870 2541 914 2576 ct
942 2530 1027 2575 alia
1059 2529 1208 2576 multa
1237 2529 1307 2575 his
1335 2529 1523 2576 similia.

96 2609 247 2657 Nemo
268 2619 426 2675 potest
449 2609 624 2655 sanetis
645 2606 871 2672 operibus
890 2607 1132 2654 laetificare
1152 2607 1304 2654 Deum
1324 2617 1525 2671 patrem,

147 2774 199 2819 (i)
225 2772 355 2809 Manli,
375 2792 431 2814 xv}
445 2808 453 2823 ‚
480 2779 942 2827 16-17.—(·2)Prov.xu,
960 2778 1017 2813 28.
1036 2799 1081 2805 —-
1095 2777 1144 2821 (5)
1164 2776 1297 2812 Psalm.
1319 2787 1429 2817 xxvii,
1450 2778 1505 2817 40.
