1738 3043
586 205 739 269 Ltss‘ssn
766 228 1042 269 SECUNDUS.
1451 234 1527 272 373

100 308 376 373 jaciebant.
415 308 548 355 [snus
572 326 731 355 eorum
768 320 878 355 ante
904 328 991 356 nos
1025 320 1069 355 et
1100 309 1225 357 alz'us
1258 321 1380 358 retro
1406 329 1528 377 per-

106 387 270 450 gebat.
298 387 389 433 Ast
410 404 499 451 ego
525 387 675 432 nimio
691 404 876 452 pavore
888 387 1212 452 perterrebar,
1238 388 1327 434 sed
1349 388 1411 435 ab
1439 408 1527 436 an-

107 464 219 528 gelo
235 467 492 512 comitante
505 464 622 511 mihi
639 464 818 510 blande
832 465 1161 527 confortabar.
1182 466 1369 513 Sonora
1385 469 1530 514 etiam

110 560 230 590 voce
266 562 327 591 ac
366 543 504 590 dulci
536 542 862 589 modulatione
896 545 1042 609 coepit
1080 544 1284 609 angelus
1319 546 1531 593 Domino

111 637 309 679 carzere,
355 621 520 668 dicens
544 638 556 667 .·
582 619 824 679 Benedic,
852 621 1020 667 anima
1043 638 1148 668 mea
1159 659 1176 680 ,
1209 621 1447 682 Domino,
1488 635 1533 670 et

110 700 279 745 omnia
309 717 418 763 quae
452 700 581 745 intra
617 716 692 745 me
722 710 832 746 sunt
865 699 1053 746 nomini
1078 711 1247 746 sancto
1272 702 1395 766 ejus.
1435 702 1534 766 Qui

104 778 405 843 propitiatur
425 777 645 824 omnibus
673 777 1011 842 iniquitatibus
1037 779 1157 834 tuis,
1183 788 1228 824 et
1252 778 1450 825 redimet
1475 779 1537 826 de

111 853 296 920 inferno
324 856 475 902 vitam
507 855 886 902 mam-Deinde
910 855 981 902 ad
1011 856 1171 920 ignem
1195 860 1535 921 purgatorium

103 933 437 997 pervenimus,
466 934 515 978 in
539 950 633 997 quo
661 931 930 978 Christiani
958 934 1238 979 cruciantur
1251 950 1348 999 pro
1373 935 1536 998 quoti—

109 1008 274 1056 dianis
307 1010 609 1068 excessibus,
644 1012 730 1076 qui
757 1028 851 1056 non
883 1022 1153 1075 gravantur
1180 1012 1532 1059 criminalibus.

112 1088 437 1153 Purgatorius
467 1089 644 1155 quippe
668 1090 795 1154 ignis
800 1088 990 1154 fluvius
1014 1101 1106 1147 est,
1136 1101 1181 1136 et
1198 1108 1329 1157 pons
1355 1109 1532 1157 super-

103 1167 321 1230 positus,
361 1167 411 1212 in
447 1184 542 1231 quo
573 1184 648 1213 me
678 1165 861 1213 ducens
887 1166 1092 1231 angelus
1118 1167 1317 1214 Domini
1349 1186 1410 1214 ac
1435 1179 1539 1215 sta—

112 1254 248 1291 tuens
265 1245 408 1302 illuc,
435 1245 738 1312 apprehensa
758 1263 906 1292 manu
931 1263 1038 1292 mea
1057 1244 1189 1292 dixit
1209 1265 1220 1291 .·
1240 1246 1341 1293 Hic
1363 1247 1535 1306 stabis,

112 1339 382 1387 quousque,
415 1322 477 1369 ab
507 1323 728 1370 omnibus
738 1324 960 1390 peccatis
982 1323 1269 1371 emundatus
1285 1361 1300 1380 ,
1329 1324 1535 1372 coelestis

113 1401 252 1465 regni
277 1404 501 1447 merearis
524 1418 626 1447 esse
643 1403 912 1467 particeps.
944 1401 1034 1447 His
1059 1401 1292 1467 eoepletis,
1325 1401 1397 1448 ad
1410 1420 1537 1468 por—

113 1489 211 1524 tam
249 1479 482 1544 paradisi
515 1481 758 1538 venimus,
797 1480 951 1544 juxta
992 1496 1141 1543 quam
1182 1480 1537 1527 multitudinem

113 1556 382 1603 doemonum
404 1569 751 1622 congregatam
769 1558 1056 1623 reperimus,
1084 1575 1285 1622 quorum
1305 1560 1540 1606 scevitiam

113 1646 157 1681 et
179 1635 477 1683 calumniam
497 1634 891 1701 pertimescebam
911 1635 1250 1683 vehementius.
1275 1637 1413 1684 Tunc
1438 1656 1540 1685 vox

113 1714 174 1760 de
194 1713 316 1760 coelo
340 1713 514 1760 audita
540 1724 608 1760 est
634 1732 644 1758 .·
670 1714 954 1760 Revertatur
970 1714 1138 1760 anima
1152 1716 1301 1779 pueri
1321 1715 1462 1781 hujus
1488 1717 1539 1762 in

115 1792 302 1838 viscera
333 1793 434 1855 ejus
467 1801 511 1836 et
543 1792 675 1837 vivat
709 1807 864 1836 annos
897 1792 1078 1854 viginti
1107 1801 1151 1836 et
1179 1809 1283 1838 sex.
1314 1792 1537 1857 Angelus

114 1881 273 1917 autem
321 1869 406 1932 qui
445 1885 518 1914 me
563 1868 771 1914 ducebat
816 1868 1115 1914 incredibilis
1154 1869 1539 1935 pulchritudinis

114 1960 217 1996 erat
228 1987 244 2007 ,
273 1959 316 1994 et
340 1947 600 1993 humanam
625 1956 851 1991 naturam
871 1956 1069 2011 aspectu
1091 1964 1194 1992 succ
1218 1948 1422 1993 visionis
1446 1965 1540 1994 esr-

117 2027 333 2075 cedcbat.
368 2024 715 2071 Per-cunctanti
742 2023 887 2069 etiam
916 2022 1038 2068 milti
1064 2023 1125 2069 (le
1156 2022 1349 2071 doctore
1378 2037 1541 2072 nostro

117 2105 376 2160 Illarti'ale,
403 2102 649 2169 respondit
675 2101 911 2167 angelus:
939 2102 1178 2167 lllagnum
1204 2105 1254 2148 in
1281 2104 1417 2151 coelis
1444 2122 1542 2151 me-

118 2186 259 2232 ritum
277 2182 522 2249 possidet,
562 2181 678 2246 quia
711 2182 852 2245 virgo
881 2192 1131 2246 permanet
1159 2191 1203 2226 et
1232 2182 1336 2228 sine
1361 2200 1540 2230 concu-

114 2250 670 2330 piscentiafhminarum
696 2269 765 2305 est
800 2269 844 2305 et
873 2276 974 2305 esse
1002 2257 1254 2306 deliberat.
1288 2260 1338 2305 A
1358 2261 1538 2325 juven-

120 2353 214 2388 tute
232 2340 443 2387 Domino
463 2337 608 2403 coepit
630 2336 863 2384 deservire
879 2348 923 2383 et
945 2336 1083 2383 beato
1108 2338 1256 2384 Petro
1275 2337 1539 2385 adhaerere.

120 2419 206 2468 Ad
214 2430 475 2485 paternam
499 2416 696 2462 domum
721 2433 930 2462 reversus
952 2434 1048 2463 non
1077 2427 1161 2463 est.
1196 2415 1334 2464 Sicut
1359 2435 1390 2463 a
1422 2434 1543 2464 con-

120 2497 416 2564 cupiscentia
434 2495 595 2543 carnis
618 2494 833 2540 noscitur
855 2493 1070 2553 alienus,
1094 2495 1166 2541 sic
1185 2512 1218 2540 a
1239 2494 1408 2541 dolore
1424 2512 1543 2541 mor-

123 2578 181 2623 tis
205 2576 293 2623 erit
326 2585 600 2621 extraneus.
628 2571 812 2637 Angeli
841 2588 907 2618 xn
941 2573 988 2617 ei
1013 2590 1046 2618 a
1076 2572 1290 2619 Domino
1325 2572 1545 2638 deputati

123 2664 257 2711 sunt,
283 2653 367 2718 qui
386 2669 572 2718 semper
588 2667 697 2697 cum
714 2667 768 2696 eo
782 2649 1061 2714 gradientes
1088 2667 1194 2697 eum
1202 2648 1427 2715 fatigari
1444 2668 1540 2697 non

119 2732 424 2797 permittunt,
446 2747 533 2777 nec
551 2729 751 2784 esurire,
776 2745 861 2774 nec
881 2729 1012 2775 sitire
1022 2751 1041 2785 ,·
1062 2729 1150 2776 sed
1175 2729 1237 2775 ab
1260 2730 1395 2774 omni
1411 2728 1543 2776 malo
