1738 3043
524 299 678 340 LIBER
705 299 985 340 SECUNDUS.
1398 305 1469 342 291

46 383 223 430 frustra
243 382 316 446 (1)
339 381 504 428 fractae
525 380 740 437 fuerant,
764 380 1228 447 redintegrarentur,
1255 380 1476 430 obsecra-

46 461 132 507 vit.
169 461 300 526 Ergo
332 458 498 507 beatus
529 459 733 506 Joannes
757 458 1024 523 fragmenta
1049 477 1348 525 gemmarum
1372 461 1478 509 col-

44 540 186 606 legit,
208 550 255 587 et
276 539 323 586 in
347 556 493 586 manu
512 556 591 586 sua
612 549 802 595 tenens,
825 537 1016 586 elevatis
1039 538 1096 586 ad
1121 540 1302 587 coelum
1326 541 1478 588 oculis

44 617 224 664 diutius
248 618 420 664 oravit.
444 616 673 664 Oratione
695 625 855 663 autem
880 615 1015 662 finita
1030 653 1044 675 ,
1075 628 1334 683 postquam
1357 618 1479 666 fide-

45 695 129 753 les,
151 696 234 761 qui
255 694 476 752 aderant,
498 696 656 741 Amen
676 694 1049 759 responderunt,
1069 695 1332 760 fragmenta
1353 715 1480 762 gem-

45 790 233 820 marum
262 773 323 820 ita
354 772 551 820 solidata
582 781 722 830 sunt,
763 781 817 818 ut
850 789 939 819 nec
975 772 1166 837 signum
1201 773 1396 838 aliquod
1422 775 1479 821 de

45 868 102 898 eo
126 851 257 917 quod
277 851 442 898 fractae
468 849 684 908 fuerant,
706 860 994 898 remaneret.
1018 852 1157 898 Tunc
1175 851 1356 900 Craton
1380 851 1484 918 phi-

45 928 298 995 losophus,
326 947 436 976 cum
460 929 693 977 universis
712 929 955 995 discipulis
975 930 1097 989 suis,
1121 931 1324 996 apostoli
1349 931 1483 997 pedi-

46 1008 135 1055 bus
151 1007 402 1057 advolutus
418 1008 620 1056 credidit
635 1045 648 1068 ‚
668 1018 715 1056 et
732 1008 998 1073 baptizatus
1016 1019 1086 1057 cst
1101 1027 1211 1056 cum
1227 1009 1480 1068 omnibus;

45 1097 93 1134 et
119 1085 263 1135 fidem
286 1086 482 1134 Domini
515 1087 626 1134 Jesu
657 1085 850 1151 publice
878 1086 1171 1151 praedicans,
1210 1105 1350 1136 verus
1386 1106 1483 1136 esse

46 1166 197 1229 coepit
227 1163 558 1230 philosophus.
587 1165 742 1212 Porro
769 1163 866 1212 duo
890 1164 1088 1223 fratres,
1118 1165 1201 1230 qui
1234 1166 1366 1230 prius
1392 1184 1483 1214 ne-

43 1243 303 1309 quicquam
325 1261 398 1291 res
422 1261 525 1290 suas
549 1242 951 1308 dilapidaverant,
979 1243 1296 1310 obsequentes
1320 1246 1485 1292 Evan-

45 1321 172 1387 gelio
202 1340 410 1388 gemmas
447 1320 795 1380 vendiderunt,
827 1332 873 1369 et
900 1321 1092 1370 Christo
1121 1324 1170 1370 in
1195 1323 1484 1389 pauperibus

45 1411 383 1464 erogaverunt.
407 1400 602 1447 Infinita
623 1417 738 1448 vero
761 1400 902 1447 turba
922 1401 1220 1449 credentium
1240 1401 1483 1450 adhaererc

47 1480 266 1544 apostolo
293 1480 473 1545 coepit,
502 1482 694 1546 ejusque
720 1480 850 1545 sequi
876 1481 1090 1546 vestigia.

111 1558 302 1604 Atticus
328 1568 375 1605 et
397 1558 636 1623 Eugenius
663 1558 766 1622 (2),
795 1556 893 1604 duo
914 1557 1084 1605 fratres
1110 1557 1335 1606 honorati
1362 1559 1483 1605 civi-

47 1637 154 1684 tatis
186 1635 537 1702 Ephesiorum,
571 1636 844 1701 exemplum
874 1636 1221 1701 praedictorum
1245 1639 1483 1702 juvenum

46 1714 191 1762 secuti
225 1724 355 1761 sunt.
395 1714 517 1761 Nam
549 1731 754 1779 quaeque
791 1713 964 1761 habere
996 1725 1223 1778 poterant
1249 1714 1483 1762 vendide-

45 1804 186 1851 runt,
210 1793 464 1858 egenisque
488 1792 750 1849 dederunt,
775 1803 822 1840 et
846 1792 1053 1857 expediti
1075 1803 1185 1857 post
1209 1793 1480 1858 apostolum

46 1869 272 1918 abierunt·
296 1888 382 1935 per
406 1870 618 1917 civitates
649 1882 846 1917 euntem
878 1881 926 1917 et
950 1869 1153 1917 verbum
1182 1871 1272 1918 Dei
1304 1871 1483 1934 praedi-

46 1959 254 1996 cantem.
299 1948 517 2013 Contigit
553 1958 713 1994 autem
758 1957 813 1993 ut
853 1947 939 2011 ipsi
980 1946 1150 1994 urbem
1197 1948 1479 2013 Pergamum

0 2083 1 2088 ¹
48 2029 311 2085 intrarent,
341 2044 595 2092 servosque
613 2043 721 2073 suos
741 2026 960 2074 viderent
981 2026 1142 2073 sericis
1164 2024 1356 2074 indutos
1374 2044 1480 2073 ves-

49 2106 175 2153 tibus
197 2106 507 2172 procedentes
533 2115 579 2152 et
611 2106 657 2151 in
679 2105 892 2151 saeculari
912 2104 1063 2169 gloria
1086 2103 1339 2168 fulgentes.
1365 2104 1479 2151 Inde

2 2198 5 2212 ¹
49 2185 224 2233 diaboti
259 2185 424 2250 sagitta
463 2184 670 2248 percussi
708 2182 967 2230 admodum
1000 2181 1109 2228 facti
1146 2192 1258 2228 sunt
1292 2182 1474 2239 tristes,

3 2249 7 2291 '¹
50 2264 179 2329 quod
197 2265 283 2329 ipsi
307 2281 407 2310 uno
427 2262 572 2327 pallio
593 2262 752 2309 amicti
773 2272 927 2309 essent
946 2272 1135 2327 egentes
1149 2297 1161 2318 ,
1185 2278 1344 2309 servos
1363 2279 1478 2309 vero

8 2375 9 2379 ,
51 2357 158 2389 suos
196 2341 413 2389 viderent
452 2340 809 2404 potentissimos
848 2349 991 2404 atque
1031 2338 1284 2403 fulgentes.
1322 2339 1476 2386 Porro

97 2572 148 2618 (ι)
173 2575 231 2609 Au
257 2573 331 2609 lieu
356 2573 403 2608 de
426 2586 466 2609 ce
494 2579 570 2607 mot
598 2571 791 2618 :stus-tra,
819 2582 866 2605 on
893 2577 1020 2604 trouve
1044 2568 1133 2604 dans
1158 2569 1191 2604 lc
1215 2576 1311 2604 texte
1331 2569 1377 2604 (le
1400 2570 1477 2604 Du-

17 2654 19 2675 *
52 2629 184 2667 chesne
204 2649 209 2667 z
233 2635 269 2667 in
278 2633 427 2680 stac-sm.

100 2692 149 2736 (2)
175 2692 272 2727 Dans
290 2692 323 2726 la
346 2691 500 2740 legende
524 2689 702 2738 originale
716 2717 724 2732 ‚
745 2700 802 2723 ces
818 2688 948 2734 jeunes
971 2699 1059 2733 gens
1082 2693 1164 2721 sont
1183 2686 1234 2722 les
1252 2686 1388 2722 memes
1407 2698 1478 2733 que

20 2758 23 2769 '¹
55 2747 104 2784 les
123 2749 349 2797 precedents.
