1738 3043
270 263 353 307 322'
632 266 667 302 u
678 263 875 303 lS'l'ORlA
909 263 1308 302 ECCLESIASTICA.

270 346 561 410 VAEtliiopiam
599 344 775 399 mittit,
813 342 1011 390 secunda
1043 342 1101 388 ad
1135 343 1324 400 Medos,
1365 344 1501 390 tertia
1538 345 1680 392 finem

270 424 406 477 l'acit;
435 421 541 486 quia
564 438 620 466 ex
645 437 743 466 uno
778 419 920 467 latere
949 419 1089 466 liabct
1111 420 1356 484 regionem
1378 418 1680 468 tenebrarum

269 513 315 549 ct
340 519 396 547 ex
426 499 519 546 alio
542 514 669 544 mare
693 497 948 544 Oceanum.
983 499 1034 544 ln
1068 496 1187 543 hanc
1219 514 1331 562 ergo
1353 497 1538 545 Indiam
1565 497 1682 545 Bar-

271 578 552 626 tholomaeus
584 575 823 640 apostolus
856 576 1013 630 venit,
1053 585 1100 621 et
1136 575 1182 619 in
1218 574 1474 639 templum,
1503 575 1551 622 in
1585 591 1683 640 quo

270 657 449 704 idolum
478 652 702 702 Astaroth
726 663 851 710 erat,
884 653 1102 709 intravit,
1133 652 1291 718 ibique
1313 653 1443 718 quasi
1468 654 1685 718 peregri-

268 751 357 781 nus
380 750 571 780 manere
592 731 757 794 coepit.
787 729 1017 794 Apostolo
1046 730 1202 793 itaque
1225 728 1530 789 adveniente,
1551 729 1684 777 Asta-

268 810 377 858 roth
403 808 673 863 obmutuit,
699 825 785 853 nec
805 805 1165 853 consulentibus
1184 822 1404 870 responsa
1423 805 1577 864 dedit,
1597 823 1686 852 nec

270 889 338 935 his
370 904 490 952 quos
515 886 697 932 laeserat
727 883 979 929 subvenire
1009 883 1183 946 potuit.
1212 885 1427 948 Cumque
1451 884 1550 946 jam
1580 883 1687 947 ple-

268 982 385 1012 num
411 973 529 1010 esset
558 959 892 1026 languentibus
922 959 1179 1022 templum,
1202 969 1248 1005 et
1272 959 1486 1023 quotidie
1505 959 1688 1006 sacrifi-

269 1041 483 1089 cantibus
519 1039 707 1086 nullum
738 1037 871 1084 daret
894 1036 1119 1084 Astaroth
1144 1053 1453 1101 responsum;
1481 1037 1686 1085 morbidi

268 1136 407 1176 vero,
442 1118 523 1182 qui
555 1117 612 1163 de
642 1115 917 1181 longinquis
947 1113 1222 1179 regionibus
1255 1113 1442 1161 adducti
1472 1114 1685 1172 fuerant,

270 1214 376 1243 suos
410 1195 600 1242 dolores
634 1191 966 1239 miserabiliter
997 1191 1305 1257 plangerent,
1343 1191 1551 1257 idolique
1583 1193 1690 1239 cul-

272 1287 395 1322 tores
417 1310 429 1330 ‚
468 1290 625 1337 neque
663 1270 970 1318 sacrificando
990 1307 1003 1328 ,
1041 1287 1196 1335 neque
1230 1271 1403 1336 seipsos
1438 1287 1572 1318 more
1604 1289 1690 1318 suo

274 1351 494 1399 laniando
527 1351 843 1415 proficerent3
882 1349 930 1396 in
966 1349 1104 1396 aliam
1138 1349 1404 1411 civitatem,
1445 1349 1525 1396 ubi
1563 1349 1689 1397 aliud

271 1431 563 1478 daemonium
595 1429 791 1477 nomine
825 1427 1013 1475 Beerith
1050 1428 1123 1492 (1)
1161 1426 1430 1485 colebatur,
1467 1445 1689 1492 perrexe-

274 1518 416 1564 runt,
450 1517 497 1554 et
530 1506 596 1552 illi
624 1504 965 1562 sacrificanteS,
999 1505 1056 1552 de
1089 1506 1410 1552 taciturnitate
1436 1505 1611 1553 deisui
1643 1517 1689 1553 et

274 1585 376 1630 aliis
409 1582 657 1630 eventibus
689 1584 781 1628 suis
817 1583 1180 1630 consuluerunt.
1219 1583 1402 1644 Quibus
1427 1584 1505 1631 ille
1527 1583 1648 1630 dixit
1676 1605 1687 1630 :

281 1662 414 1724 Quia
449 1661 582 1706 Deus
617 1671 773 1706 vester
802 1661 874 1706 sic
913 1661 1155 1724 captivus,
1197 1671 1240 1705 ec
1276 1661 1457 1706 catenis
1495 1659 1695 1707 habetur

279 1739 431 1802 igneis
456 1737 670 1793 strictus,
702 1747 750 1781 ue
782 1753 934 1799 neque
958 1737 1226 1801 suspirare,
1261 1753 1410 1800 neque
1435 1736 1569 1801 loqui
1597 1754 1692 1783 αα-

279 1814 415 1869 deat,
443 1831 504 1858 ex
528 1830 622 1876 quo
652 1812 769 1858 illac
803 1814 1044 1876 ingressus
1071 1823 1137 1859 est
1166 1814 1414 1878 apostolus
1442 1813 1540 1859 Dei
1561 1814 1692 1860 Bar-

282 1890 578 1936 tlzolomoeas.
616 1887 1026 1953 Interrogantibus
1055 1900 1212 1937 autem
1249 1890 1355 1954 quis
1385 1890 1463 1937 ille
1490 1889 1693 1937 Bartho—

281 1967 477 2014 lomaeus
512 1978 655 2024 esset,
694 1965 883 2014 daemon
921 1967 1167 2031 respondit
1206 1987 1215 2013 ε
1254 1969 1456 2015 Amicus
1491 1979 1560 2015 est
1596 1969 1695 2015 Dei

281 2045 644 2109 omnipotentis,
679 2055 722 2089 et
755 2045 864 2091 ideo
892 2045 942 2090 in
967 2046 1108 2091 istam
1136 2046 1265 2091 venit
1291 2047 1614 2111 provinciam,
1645 2057 1694 2092 ut

284 2123 483 2167 numina
513 2138 621 2184 quoe
641 2120 804 2167 colant
824 2121 942 2167 Indi
963 2134 1170 2169 evacuet.
1205 2122 1514 2171 Astarothitae
1536 2133 1694 2170 autem

283 2199 505 2245 dixerunt
540 2218 548 2241 ε
577 2198 675 2244 Dic
696 2198 832 2244 nobis
855 2201 1000 2263 signa
1023 2202 1152 2265 ejus,
1189 2212 1237 2246 ut
1268 2218 1374 2247 eum
1401 2203 1523 2247 inter·
1543 2200 1694 2247 malta

288 2417 364 2439 scra
384 2417 445 2451 pas
465 2405 581 2438 moins
603 2405 791 2439 manifesti:
816 2405 904 2440 (lans
929 2419 978 2441 un
1005 2414 1107 2442 autre
1136 2420 1233 2451 sens,
1263 2408 1415 2456 puisquc
1441 2407 1513 2443 cela
1541 2406 1695 2441 n'aurait

289 2465 398 2506 guerr*
419 2463 482 2496 fait
501 2462 634 2509 qu'unc
652 2462 733 2497 ville
752 2475 842 2509 pour
860 2463 952 2498 deux
972 2465 1129 2512 peuplcs.
1152 2466 1181 2500 ll
1199 2479 1221 2511 y
1240 2479 1258 2501 a
1275 2466 1319 2500 ici
1338 2465 1580 2500 evidemment
1592 2464 1694 2511 quel-

288 2535 358 2569 que
376 2521 628 2556 inadwrtancc
648 2521 736 2555 dans
757 2522 806 2556 les
824 2523 993 2558 nomin—es
1007 2552 1015 2565 ‚
1036 2525 1230 2572 quoiqu'ils
1251 2526 1366 2561 soient
1382 2524 1490 2559 eci-its
1507 2535 1552 2559 en
1576 2530 1694 2558 tontes

289 2581 411 2615 lettres
428 2580 516 2614 dans
535 2580 565 2614 le
586 2582 783 2615 manuscrit
801 2581 845 2615 (lc
865 2582 1148 2618 Saint-Evroult.

336 2642 387 2684 (ι)
412 2640 508 2674 Dans
532 2639 563 2673 le
585 2639 665 2673 faux
686 2640 841 2684 Abdias‚
863 2654 902 2676 ce
922 2649 998 2677 mot
1016 2649 1069 2678 est
1093 2644 1183 2678 ecrit
1207 2658 1213 2676 :
1236 2641 1400 2681 Beirelh;
1421 2641 1510 2676 mais
1534 2641 1560 2676 il
1578 2641 1694 2688 parait

288 2699 375 2747 qn'il
394 2699 471 2734 sant
484 2699 549 2734 lire
567 2714 572 2733 ς
595 2699 721 2734 Berilh
731 2729 738 2743 ‚
755 2707 790 2734 et
806 2713 876 2748 que
890 2713 930 2736 cc
944 2714 1029 2736 nom
1043 2709 1096 2737 est
1113 2703 1306 2749 emprunte
1319 2713 1364 2737 au
1377 2702 1485 2737 Livre
1499 2701 1565 2737 des
1577 2701 1693 2748 Juges

289 2763 355 2801 (nx,
380 2762 395 2801 4
415 2766 450 2794 et
472 2757 532 2802 46)
553 2771 691 2793 comme
707 2759 798 2794 celui
818 2760 1038 2796 d’Astarotli.
