1738 3043
140 202 160 236 8
507 195 745 233 llls'l'ORlA
778 194 1174 232 ECCLESIASTICA.

140 280 343 343 Legem,
388 293 528 340 quam
568 292 652 338 per
691 275 905 338 Moysem
944 272 1166 328 dederat,
1213 270 1548 320 inviolabiliter

139 355 337 402 servavit
356 389 368 410 ,
402 363 448 399 et
478 368 670 398 omnem
695 351 927 414 justitiam
960 350 1055 413 ipse
1088 349 1253 413 legifer
1283 366 1367 412 per
1390 348 1550 395 omnia

142 433 372 497 implevit.
396 431 516 477 Nam
539 439 701 475 octava
726 429 800 475 die
825 428 1128 473 circumcisus
1153 437 1246 483 est,
1276 437 1324 473 et
1345 425 1551 491 quadra-

139 510 310 573 gesima
325 508 399 553 die
413 523 521 552 cum
538 505 670 569 legali
692 503 935 551 oblatione
956 504 1003 549 in
1027 503 1204 567 templo
1223 503 1349 548 Patri
1368 501 1552 549 oblatus

141 597 210 633 est
225 586 317 649 (1).
347 584 437 631 Sed
460 583 673 648 quamvis
692 582 840 647 Virgo
864 592 1013 628 mater
1029 581 1149 628 divae
1174 581 1321 645 prolis
1343 580 1555 645 alligaret

140 662 352 710 membra
377 661 544 726 pannis
570 661 810 716 involuta,
849 670 894 707 ct
928 660 1066 724 pedes
1100 676 1360 724 manusque
1391 658 1554 705 stricta

141 742 352 806 cingeret
381 739 548 796 fascia,
583 750 811 802 tenerque
839 728 993 784 infans
1026 737 1150 784 inter
1180 746 1306 782 arcta
1337 734 1556 784 conditus

140 819 366 882 praesepia
390 818 564 882 vagiret
584 834 672 880 pro
696 814 898 861 humana
914 850 926 871 ,
949 832 1089 879 quam
1106 813 1254 859 Patris
1273 813 1392 860 velle
1409 828 1558 859 susce-

142 907 304 959 perat,
334 895 545 949 miseria3
575 893 787 939 sublimis
816 903 972 939 tamen
998 892 1146 948 Deus,
1172 901 1281 939 orto
1309 892 1357 937 in
1382 889 1558 937 aethere

143 992 271 1021 novo
302 973 475 1029 sidere,
510 982 800 1019 monstratus
827 982 918 1026 est,
954 981 1001 1017 et
1026 987 1050 1015 a
1081 970 1224 1033 Magis
1247 966 1558 1016 orientalibus

140 1051 370 1098 divinitus
397 1051 640 1097 illustratis
670 1051 716 1096 in
743 1048 983 1096 Bethleem
1007 1048 1285 1111 requisitus,
1320 1045 1480 1111 ibique
1508 1046 1557 1092 in

144 1128 375 1175 cunabilis
396 1129 617 1175 inventus
631 1163 645 1186 ,
666 1145 718 1173 ac
739 1139 791 1173 ut
809 1128 935 1173 Deus
954 1126 1175 1172 adoratus
1194 1136 1279 1172 est.
1300 1123 1560 1171 Prudentes

146 1207 269 1271 Magi
303 1207 391 1252 tria
422 1223 618 1252 munera
647 1205 704 1252 de
737 1205 962 1252 thesauris
993 1204 1086 1249 suis
1115 1204 1319 1267 pretiosa
1342 1201 1562 1266 protule-

146 1294 286 1340 runt,
314 1300 508 1339 aurum,
542 1281 650 1328 thus
674 1293 720 1329 et
749 1280 997 1346 myrrham
1021 1280 1212 1327 Christo
1231 1289 1400 1344 sponte
1421 1277 1563 1326 obtu-

145 1361 336 1416 lerunt;
377 1360 551 1425 quibus
598 1361 751 1423 ipsum
787 1376 1027 1404 summum
1062 1375 1219 1421 regem
1243 1393 1256 1414 ,
1300 1371 1562 1419 verumque

148 1439 297 1484 Deum
315 1473 327 1494 ‚
360 1448 407 1484 et
437 1436 689 1483 mortalem
718 1435 962 1482 hominem
983 1434 1244 1500 praeconati
1271 1442 1398 1479 sunt.
1427 1431 1565 1479 Elec-

148 1515 291 1562 tionis
312 1515 526 1578 gentium
553 1514 778 1577 primitiae
809 1515 857 1558 in
879 1513 950 1558 his
980 1521 1264 1558 consecratae
1289 1521 1425 1568 sunt,
1457 1527 1564 1574 quae

146 1593 204 1639 de
235 1591 353 1639 Saba
389 1591 584 1655 aliisque
615 1589 889 1637 nationibus
919 1590 1009 1636 late
1042 1608 1126 1653 per
1153 1587 1321 1636 orbem
1347 1587 1566 1652 dispersis

147 1670 202 1715 ad
233 1670 478 1716 Christum
512 1669 558 1715 in
596 1667 837 1715 Bethleem
870 1678 1265 1731 properaverunt.
1302 1668 1355 1713 In
1389 1666 1566 1713 somnis

148 1748 207 1793 ab
239 1748 406 1812 angelo
442 1747 721 1794 commoniti
760 1764 819 1793 ne
853 1745 1066 1793 redirent
1097 1745 1154 1792 ad
1183 1744 1446 1801 Herodem,
1481 1761 1567 1808 per

149 1824 275 1870 aliud
299 1825 387 1871 iter
405 1825 451 1870 in
477 1842 606 1869 suam
627 1823 722 1869 laeti
743 1822 1031 1886 repedarunt
1045 1823 1286 1887 regionem
1302 1821 1393 1885 (2).
1417 1821 1567 1867 Tem-

149 1919 265 1964 pore
295 1901 589 1966 purgationis
621 1918 715 1947 suae
752 1900 901 1964 Virgo
932 1918 1102 1964 parens
1133 1899 1302 1947 devota
1334 1898 1568 1963 templum

149 1978 290 2035 adiit,
328 1979 522 2042 Deoque
555 1978 682 2023 Patri
708 1995 917 2041 puerum¹
943 1977 1279 2041 praesentavit,
1315 1993 1458 2040 quem
1489 1975 1568 2021 Si-

151 2072 293 2102 meon
318 2072 458 2102 senex
481 2057 636 2118 justus
663 2055 711 2100 in
744 2053 869 2100 ulnis
893 2054 1113 2118 suscepit.
1149 2054 1279 2102 Felix
1304 2052 1568 2099 silicernius

152 2133 200 2178 in
237 2134 336 2179 Deo
369 2133 598 2179 exultavit
622 2168 633 2187 ,
676 2131 785 2195 quia
823 2130 905 2176 diu
941 2141 1240 2195 expectatum
1277 2129 1569 2175 salvatorem

150 2211 368 2275 gentium
391 2209 535 2265 vidit,
563 2226 648 2272 per
670 2209 903 2272 Spiritum
928 2208 1156 2254 Sanctum
1175 2207 1393 2271 agnovit,
1419 2205 1570 2252 mani-

153 2286 241 2332 bus
282 2287 511 2350 gestaxit,
561 2303 764 2349 cumque
801 2285 989 2349 populis
1027 2285 1138 2331 vitae
1183 2295 1230 2332 et
1266 2284 1435 2331 mortis
1473 2301 1570 2332 esse

153 2362 403 2408 dominum
439 2361 742 2424 praedicavit,
787 2371 834 2408 et
876 2361 1038 2407 multis
1078 2360 1420 2406 admirantibus
1459 2377 1569 2406 cum

157 2440 334 2503 ingenti
382 2438 591 2502 tripudio
640 2437 898 2485 benedixit.
949 2439 1091 2484 Anna
1137 2437 1391 2502 prophetes
1412 2474 1425 2495 ,
1473 2437 1569 2484 filia

155 2515 395 2570 Phanuel,
436 2514 642 2578 gaudens
681 2515 847 2571 alfuit;
900 2516 1037 2561 vidua
1081 2514 1338 2562 virtutibus
1384 2514 1568 2580 pollens

206 2686 569 2728 r'·)l,u‹.n.,21-‘›.3
659 2689 707 2731 (a)
728 2688 856 2721 Manli.
884 2700 929 2729 ιι,
959 2701 1047 2721 1-1-2..
