1738 3043
646 185 800 226 LIBER
831 185 1038 224 PRIMUS.
1506 185 1546 219 11

130 271 384 320 Salvatoris
423 269 611 317 intimat
650 276 1000 313 sacramentum
1037 263 1189 311 nostri
1226 261 1550 327 baptismatis,

129 359 329 416 propter
355 345 496 395 fidem
530 354 705 392 sanctae
732 343 985 390 Trinitatis
1023 352 1071 389 et
1096 339 1424 406 operationem
1459 339 1556 386 De-

131 428 279 494 calogi
314 425 488 491 legalis.
526 422 712 489 Legifer
744 422 888 470 etiam
919 431 1083 468 noster
1112 421 1178 466 sic
1210 419 1437 466 admonet
1467 416 1556 465 ho-

131 507 282 553 mines
316 522 375 552 ne
409 501 613 550 audeant
652 501 701 547 in
738 500 926 546 infirma
968 508 1110 545 aetate
1152 497 1435 563 praedicare,
1475 512 1555 543 seu

134 597 308 632 temere
333 581 634 647 praelationes
654 588 898 643 appetere;
926 577 1005 625 sed
1029 577 1296 643 legitimum
1320 587 1368 623 et
1398 584 1555 621 matu-

131 678 239 707 rum
275 671 462 724 tempus
495 657 552 705 ad
584 656 926 713 sacerdotium,
954 655 1028 703 vel
1057 655 1114 701 ad
1149 654 1418 702 docendum
1453 663 1558 699 stu-

131 739 274 787 deant
297 737 545 785 humiliter
564 745 828 800 expectare.

197 817 278 866 1V.
319 815 507 865 Amodo
542 814 960 862 continuationem
989 812 1336 859 miraculorum
1364 810 1559 858 Domini

134 895 286 942 nostri
323 895 433 942 Jesu
469 892 672 950 Christi,
709 909 819 957 quae
858 892 906 938 in
944 901 1153 956 quatuor
1186 889 1561 954 Evangeliorum

134 972 270 1019 libris
290 972 464 1037 scripta
484 981 596 1018 sunt
608 1007 622 1029 ,
649 969 768 1017 libet
792 970 994 1027 intueri,
1020 979 1068 1016 et
1085 969 1317 1016 veraciter
1337 983 1562 1031 compen-

134 1049 358 1114 dioseque
398 1049 580 1114 paginis
619 1057 885 1104 annotare;
925 1057 980 1093 ut
1013 1045 1198 1093 facilius
1237 1044 1413 1093 ibidem
1449 1061 1563 1107 per-

136 1137 292 1192 specta
323 1127 502 1191 possim
534 1126 591 1173 ad
621 1136 835 1174 mentem
871 1142 1112 1172 revocare.
1152 1124 1333 1172 Seriem
1369 1139 1559 1178 rerum,

137 1214 283 1269 prout
309 1215 518 1270 quatuor
547 1203 846 1268 evangelistae
877 1203 1258 1268 descripserunt,
1295 1201 1559 1264 investig03

139 1281 354 1346 ipsoque,
375 1281 457 1346 qui
476 1281 659 1346 linguas
679 1279 937 1327 infantium
956 1279 1070 1326 facit
1086 1278 1282 1326 disertas
1296 1313 1309 1335 ,
1332 1276 1562 1333 donante,

136 1358 347 1406 breviter
370 1360 628 1424 propinare
653 1369 877 1424 peropto.
909 1359 974 1406 Et
999 1359 1109 1423 quia
1133 1354 1567 1422 chronographiam

136 1435 322 1483 decrevi
354 1447 632 1494 contexere,
653 1438 838 1501 justum
864 1446 935 1484 est
967 1446 1022 1482 ut
1055 1435 1292 1500 imprimis
1318 1432 1565 1481 certitudi-

139 1529 250 1560 nem
281 1522 556 1578 temporum
579 1512 796 1579 diligenti
828 1513 1073 1579 designem
1099 1512 1352 1560 conamine
1381 1531 1391 1558 ε
1420 1519 1570 1576 prout

140 1592 288 1638 sancti
331 1592 663 1658 evangelistae,
711 1593 886 1658 aliique
933 1590 1336 1657 historiographi,
1381 1590 1570 1655 scriptis

140 1668 234 1714 suis
250 1668 534 1732 jamdudum
558 1669 836 1718 enodavere.

206 1747 490 1795 Octavianus
521 1749 676 1796 Caesar
699 1749 968 1814 Augustus,
1001 1747 1106 1794 Gaii
1138 1747 1251 1794 Julii
1284 1746 1481 1794 Caesaris
1514 1763 1569 1793 ex

142 1842 307 1873 sorore
337 1825 528 1872 Octavia
557 1844 707 1891 nepos
739 1837 786 1874 et
816 1826 995 1884 haeres,
1029 1827 1362 1873 Romanorum
1398 1841 1572 1872 secun-

143 1901 253 1960 dus,
298 1904 514 1968 regnavit
550 1905 686 1950 annis
724 1921 803 1951 Lv1
843 1914 891 1951 et
926 1903 1170 1951 mensibus
1208 1920 1256 1950 v1
1297 1904 1400 1967 (1);
1441 1903 1571 1964 cujus

147 1987 266 2025 XL11⁰
302 1997 432 2026 anno
477 1978 693 2027 Christus
742 1990 881 2027 natus
930 1991 1016 2027 est.
1059 1979 1280 2026 Tiberius
1325 1978 1573 2043 privignus

145 2057 374 2123 Augusti,
411 2059 556 2106 Liviae
589 2060 752 2106 uxoris
785 2061 882 2123 ejus
918 2075 975 2105 ex
1009 2058 1171 2122 priore
1205 2057 1381 2104 marito
1417 2055 1569 2112 filius,

77 2310 91 2326 ,
145 2283 250 2331 Ιεςοιι
276 2282 422 2320 sournie
449 2297 515 2332 par
533 2284 586 2320 les
609 2285 829 2321 manuscrits
853 2297 996 2320 comme
1020 2284 1102 2332 plus
1127 2296 1173 2319 en
1201 2282 1395 2318 harmonie
1424 2293 1508 2317 avec
1541 2280 1576 2315 la

146 2343 280 2399 pli-rase
307 2344 490 2389 suivante‚
512 2346 603 2381 mais
631 2357 712 2381 saus
729 2358 822 2382 nous
851 2344 1061 2381 dissimuler
1083 2357 1156 2393 que
1181 2343 1324 2379 celle-ci
1343 2342 1427 2377 n’en
1451 2341 1578 2377 restait

147 2416 211 2451 pas
228 2404 347 2440 moins
366 2405 440 2441 sort
459 2405 624 2441 obscure.

194 2463 245 2509 (1)
270 2464 437 2511 Auguste
462 2464 518 2499 n’a
543 2464 759 2500 reellement
781 2465 895 2512 regne
913 2464 997 2512 qu'a
1024 2462 1140 2511 pat-tir
1163 2461 1209 2497 de
1236 2461 1269 2496 la
1296 2459 1444 2496 bataille
1465 2458 1576 2494 d'Ac-

149 2521 242 2556 tium
272 2523 314 2567 (α
344 2522 550 2570 septembre
579 2521 648 2572 723
677 2522 723 2559 de
749 2523 888 2569 Rome)
910 2522 1059 2571 jusqu'a
1088 2534 1125 2556 sa
1153 2527 1252 2556 mort
1275 2521 1336 2567 (19
1361 2518 1449 2554 aoslt
1479 2516 1574 2566 767)-

149 2581 341 2630 L‘opinion
361 2583 394 2618 la
412 2584 494 2631 plus
511 2584 679 2632 gencrale
698 2591 751 2620 est
768 2584 881 2632 qu’on
899 2583 979 2619 doit
998 2583 1120 2631 placer
1138 2582 1170 2617 la
1188 2581 1374 2617 naissance
1392 2578 1438 2614 de
1454 2579 1577 2613 Jesus-

150 2641 276 2677 Christ
302 2656 347 2678 cn
368 2646 458 2692 749,
480 2652 518 2679 et
538 2658 601 2692 pai·
620 2647 844 2692 consequent
861 2644 950 2680 dans
967 2643 1000 2679 la
1019 2642 1320 2689 vingt-septienie
1339 2640 1453 2675 anne'c
1475 2637 1520 2672 de
1539 2648 1578 2669 cv.

154 2714 272 2746 ''pf-{nc-
