1738 3043
217 269 227 301 1
246 268 290 301 10
579 259 821 298 HISTORIA
852 259 1256 298 ECCLESIASTICA.

213 344 341 389 claro
371 342 453 389 Dei
474 339 656 404 judicio
681 340 874 386 territus
899 356 1063 404 pacem
1092 338 1269 385 nostris
1294 338 1515 386 reddidit.
1542 337 1631 387 Sed

211 419 275 468 ob
299 419 524 466 meritum
546 426 701 463 tamen
729 415 801 463 vel
824 416 1035 480 propriae
1060 413 1301 472 libidinis,
1328 415 1401 462 vel
1421 425 1632 480 paternae

213 495 551 551 theomachiae,
585 495 831 541 innumera
847 530 860 551 ‚
893 492 1107 540 barbaris
1134 492 1511 558 assurgentibus,
1543 510 1633 541 ro-

211 575 338 622 mani
380 573 513 639 regni
551 572 838 619 detrimenta
878 571 1121 618 sustinuit.
1165 571 1262 617 Hac
1302 571 1634 636 persecutione

213 652 480 718 Cyprianus
499 648 898 714 Carthaginiensis
916 648 1163 713 episcopus
1177 684 1189 705 ‚
1212 651 1344 712 cujus
1363 647 1633 696 doctissima

212 740 377 777 extant
406 728 657 794 opuscula,
685 728 920 792 martyrio
950 736 1229 773 coronatur.
1268 726 1412 791 Cujus
1441 727 1554 774 vitae
1586 737 1634 774 et

211 807 439 873 passionis
462 806 686 853 volumen
709 805 949 869 egregium
971 805 1171 851 Pontius
1190 803 1416 850 diaconus
1436 805 1534 868 ejus
1556 821 1636 851 re-

212 886 380 951 liquit,
405 885 487 950 qui
509 901 657 948 usque
676 882 731 928 ad
750 881 875 929 diem
902 881 1127 946 passionis
1152 883 1249 946 ejus
1272 898 1383 927 cum
1409 881 1510 945 ipso
1533 881 1635 928 exi-

212 965 330 1011 lium
379 963 620 1009 sustinuit.
672 961 953 1008 Theodorus
1003 960 1261 1025 Gregorius
1314 959 1634 1007 Neocaesareae

211 1043 354 1090 Ponti
376 1042 621 1106 episcopus
644 1057 814 1104 magna
839 1039 1075 1084 virtutum
1101 1038 1249 1102 gloria
1280 1038 1448 1094 claret;
1478 1055 1503 1085 e
1529 1037 1636 1102 qui-

212 1121 300 1168 bus
327 1139 478 1167 unum
503 1130 595 1176 est,
625 1118 756 1184 quod
781 1127 835 1163 ut
861 1116 1068 1164 ecclesiae
1095 1115 1323 1163 faciendae
1350 1115 1481 1163 locus
1511 1115 1633 1162 suffi-

213 1210 366 1255 ceret,
397 1207 614 1244 montem
647 1193 868 1260 precibus
896 1195 1066 1241 movit.
1096 1193 1362 1258 Stephanus
1395 1203 1443 1241 et
1467 1193 1636 1241 Sextus

213 1279 380 1325 Romae
400 1274 606 1340 episcopi
627 1273 862 1339 martyrio
885 1273 1003 1337 passi
1029 1283 1141 1319 sunt
1158 1273 1248 1337 (1).

278 1353 499 1401 Claudius
521 1370 649 1399 anno
675 1359 711 1397 ιΟ
734 1350 978 1398 mensibus
1008 1367 1076 1397 lx.
1110 1351 1200 1397 Iste
1225 1348 1410 1398 Gothos
1427 1351 1527 1414 jam
1549 1366 1636 1414 per

213 1450 363 1480 annos
395 1448 458 1478 xv
488 1430 731 1493 Illyricum
767 1428 1190 1493 Macedoniamque
1224 1436 1460 1475 vastantes
1491 1443 1636 1492 supe-

215 1521 313 1568 rat;
341 1508 427 1575 [ob
452 1527 559 1574 quae
585 1508 635 1554 in
659 1507 800 1554 Curia
828 1507 1021 1573 clypeus
1046 1523 1213 1553 aureus
1229 1542 1241 1566 ‚
1263 1516 1310 1553 et
1329 1505 1379 1552 in
1399 1505 1634 1570 Capitolio

214 1600 364 1636 statua
401 1588 438 1635 ei
475 1604 612 1633 aurea
640 1585 867 1633 collocata
904 1585 1019 1648 est].
1054 1584 1272 1632 Marcion
1301 1582 1634 1632 disertissimus

213 1665 528 1714 Antiochenae
560 1662 811 1728 presbyter
845 1662 1076 1719 ecclesiae,
1117 1662 1198 1727 qui
1235 1663 1283 1708 in
1320 1662 1481 1710 eadem
1514 1659 1635 1708 urbe

213 1743 502 1790 rhetoricam
555 1740 781 1787 docuerat
801 1775 814 1797 ,
864 1738 1083 1786 adversus
1126 1738 1324 1785 Paulum
1362 1737 1421 1787 de
1464 1739 1642 1786 Samo-·

213 1834 337 1878 sate,
377 1821 459 1886 qui
495 1817 764 1866 Antiochiae
803 1818 1050 1882 episcopus
1087 1814 1433 1882 dogmatizabat
1468 1815 1636 1862 Chris-

212 1911 316 1946 tum
353 1898 622 1946 communis
656 1908 840 1943 naturae
882 1895 1128 1943 hominem
1170 1894 1346 1953 fuisse,
1391 1895 1635 1960 accipien-

212 1978 340 2025 tibus
380 1976 580 2024 notariis
618 1974 900 2040 disputavit3
941 1974 1024 2038 qui
1060 1972 1272 2039 dialogus
1311 1989 1463 2038 usque
1494 1971 1635 2021 hodie

212 2065 340 2104 extat
357 2055 451 2119 (2).

257 2244 308 2288 (ι)
326 2242 445 2286 (Aofit
470 2240 605 2276 253-20
633 2252 729 2275 mars
754 2239 854 2284 268).
876 2240 922 2274 La
949 2239 1120 2286 captivite
1141 2238 1187 2273 de
1205 2238 1379 2274 Valerien
1401 2245 1457 2273 est
1474 2237 1520 2273 de
1538 2237 1630 2283 260,

212 2303 332 2338 tandis
356 2314 428 2349 que
453 2301 486 2335 la
514 2301 692 2334 huitieme
719 2299 950 2346 persecution
971 2299 1065 2333 avait
1092 2299 1305 2334 commence
1333 2297 1397 2333 des
1421 2297 1503 2334 256.
1528 2298 1634 2334 Saint

211 2362 370 2409 Cyprien
388 2389 397 2404 ‚
418 2359 555 2407 eveque
573 2358 617 2393 de
637 2359 839 2405 Carthagc‚
860 2358 916 2393 sut
939 2358 1105 2406 decapite
1122 2370 1167 2393 en
1187 2357 1392 2405 septembre
1419 2357 1506 2402 2583
1536 2359 1631 2393 saint

212 2413 366 2455 Etienne
379 2447 387 2463 ‚
410 2431 518 2466 pape.
538 2418 570 2452 le
588 2430 608 2452 2
627 2418 714 2452 aout
730 2416 816 2466 257,
833 2424 871 2452 et
886 2418 979 2452 saint
998 2418 1097 2453 Sixte
1109 2445 1118 2461 ,
1140 2430 1204 2453 son
1225 2429 1445 2462 successeur,
1462 2417 1630 2453 le6aofit

211 2478 288 2516 258.
303 2479 400 2515 C'est
416 2489 548 2512 encore
564 2477 657 2511 saint
671 2477 1211 2525 Gregoire-le-Thaumaturge
1228 2489 1300 2526 que
1311 2484 1417 2513 notre
1426 2484 1557 2513 auteur·
1565 2477 1630 2512 de-

211 2541 314 2587 signe
333 2538 377 2573 ici
399 2550 464 2585 par
478 2538 528 2572 les
547 2549 650 2571 noms
670 2536 715 2571 de
735 2537 932 2573 Theodore
950 2537 1151 2583 Gregoire,
1182 2537 1273 2572 ainsi
1293 2548 1365 2585 que
1383 2548 1475 2572 nous
1493 2536 1627 2572 l’avons

209 2598 289 2645 deja
308 2598 511 2645 remarque.

258 2658 308 2703 (2)
326 2657 445 2701 (Mars
463 2654 622 2689 268-mai
644 2666 711 2702 270
726 2658 750 2697 ).
771 2655 835 2689 Les
854 2654 1021 2690 victoires
1039 2666 1101 2689 sur
1118 2654 1168 2688 les
1187 2654 1309 2689 Goths
1326 2660 1408 2688 sont
1431 2653 1476 2687 de
1502 2653 1571 2702 269
1589 2661 1626 2689 et

212 2729 292 2765 ¹270.
313 2717 359 2751 La
378 2723 493 2750 statuo
511 2715 633 2761 erigite
653 2716 670 2748 a
689 2714 827 2749 Claude
844 2714 933 2749 dans
952 2714 983 2749 le
1003 2713 1165 2761 Capitole
1187 2726 1252 2761 par
1277 2713 1309 2748 le
1333 2715 1435 2748 senat
1451 2714 1544 2749 avait
1562 2713 1625 2749 dix

211 2777 312 2825 picds
329 2777 374 2812 de
393 2777 494 2811 haut.
509 2776 556 2810 La
571 2775 766 2810 refutation
782 2774 844 2809 des
857 2787 1002 2811 erreurs
1021 2774 1066 2809 dc
1086 2773 1175 2809 Paul
1193 2773 1238 2810 de
1258 2774 1441 2810 samosate
1458 2787 1524 2822 par
1538 2774 1624 2809 Mal-
