1738 3043
143 252 194 288 56
511 249 750 288 HlsTORlA
780 248 1179 289 ECCLESIASTICA.

144 338 377 382 eatorem,
408 336 533 373 stans
558 326 606 372 in
634 326 740 374 fidei
769 327 964 375 veritate
988 327 1206 374 Zachaeus
1227 328 1348 374 dixit
1369 329 1428 376 ad
1451 331 1554 378 Do·-

143 407 329 452 minum
352 422 362 448 :
386 405 517 450 Ecce
539 404 797 451 dimidium
820 405 1049 452 bonorum
1070 424 1302 464 meorum,
1327 407 1549 467 Domine,

143 485 206 530 do
229 482 553 549 pauperibm5
576 495 619 529 et
641 485 685 529 si
715 483 836 547 quid
855 484 1062 548 aliquem
1090 484 1380 548 defraudavi
1403 485 1554 533 reddo

145 561 489 627 quadruplum.
517 561 599 606 Ait
623 561 687 607 illi
711 563 841 608 Jesus
871 581 879 605 :
913 562 1073 608 Hodie
1095 562 1229 609 salus
1252 562 1421 609 domui
1443 562 1557 610 huic

125 639 277 702 sacta
305 650 373 685 est
394 675 404 691 ‚
440 657 494 685 eo
529 640 658 704 quod
690 651 733 685 et
768 641 870 705 ipse
883 640 1026 704 filius
1050 642 1112 686 sic
1143 640 1371 688 Abralzae.
1410 641 1558 688 Venit

145 718 269 762 enim
308 717 359 761 F
357 716 469 762 ilius
510 716 717 762 hominis
755 734 964 780 (lucet-ere
1003 728 1045 762 et
1081 717 1269 763 salvare
1306 717 1439 782 qaod
1464 735 1558 783 pe·-

146 794 290 838 rierat
312 794 332 856 (
345 793 407 855 i).

210 871 388 917 Deinde
427 869 697 934 parabolam
737 871 877 934 ponit
915 870 971 917 de
1009 870 1160 917 nobili
1198 871 1434 936 quodam,
1474 872 1557 936 qui

145 946 262 993 abiit
302 948 349 993 in
387 949 633 1012 regionem
669 947 980 1012 longinquam
1023 948 1232 1012 accipere
1270 965 1472 1013 regnum
1512 958 1560 995 et

145 1026 346 1082 reverti;
385 1035 432 1071 ct
459 1025 515 1071 de
549 1025 722 1081 servis,
751 1023 923 1089 quibus
955 1025 1116 1072 decem
1152 1043 1284 1072 mnas
1313 1026 1472 1083 dedit,
1506 1036 1561 1072 ut

147 1103 505 1167 negotiarentur
529 1120 583 1149 ex
604 1102 684 1149 eis.
714 1103 919 1150 Reverso
941 1113 1097 1150 autem
1125 1104 1306 1167 primus
1329 1103 1394 1150 ait
1417 1122 1426 1147 :
1455 1104 1562 1151 Do·-

148 1183 296 1238 mine,
326 1199 441 1227 mna
463 1192 544 1226 lua
565 1180 728 1226 decem
747 1199 885 1227 mnas
906 1182 1176 1245 aequisivit.
1199 1181 1386 1227 Primus
1403 1198 1563 1228 servus

147 1259 267 1306 ordo
312 1259 566 1306 doctorum
606 1269 675 1305 est
725 1259 772 1304 in
820 1259 1231 1306 circumcisionem
1270 1259 1560 1316 missorum,

147 1338 228 1402 qui
266 1354 412 1383 unam
450 1354 613 1383 mnam
653 1337 978 1400 negotiaturus
1019 1337 1224 1400 accepit,
1263 1336 1373 1402 quia
1412 1353 1564 1382 unum

148 1415 409 1461 Dominum
423 1450 435 1471 ,
454 1432 598 1460 unam
615 1413 755 1460 fidem
771 1451 782 1473 ,
801 1432 952 1460 unum
970 1413 1197 1478 baptisma
1213 1450 1226 1471 ‚
1246 1431 1398 1460 unum
1413 1414 1565 1461 Deum

148 1491 408 1556 praedicare
441 1494 596 1555 jussus
637 1502 722 1538 est.
774 1492 864 1538 Sed
903 1491 1003 1538 haec
1046 1491 1206 1539 eadem
1244 1509 1355 1538 mna
1403 1490 1566 1539 decem

150 1589 283 1617 mnas
324 1570 603 1635 adquisivit,
642 1570 747 1634 quia
786 1570 1019 1634 populum
1061 1568 1148 1616 sub
1188 1569 1288 1633 lege
1327 1569 1566 1617 constitu-

153 1659 256 1693 tum
279 1646 366 1692 sibi
391 1646 606 1694 docendo
632 1647 843 1693 sociavit.
885 1646 973 1692 lllo
1005 1646 1205 1693 feliciter
1230 1655 1563 1704 remunerato,

152 1725 270 1771 alter
293 1725 357 1770 ait.
381 1746 390 1769 z
414 1725 647 1781 Domine,
673 1743 785 1770 mna
807 1726 1023 1787 taaseeit
1043 1726 1252 1789 quinque
1272 1743 1428 1772 mnas.
1456 1724 1568 1771 Ser-

157 1819 239 1847 vus
277 1802 385 1857 iste,
415 1811 569 1847 coetus
606 1810 675 1847 est
704 1818 871 1847 eorum
900 1802 982 1865 qui
1022 1802 1068 1847 in
1102 1801 1342 1865 praeputio
1369 1817 1571 1865 evange-

155 1880 292 1926 lizare
312 1879 437 1924 missi
462 1887 599 1934 sunt,
626 1878 895 1942 meritoque
918 1877 1008 1923 illis
1032 1877 1259 1924 divinitus
1282 1895 1570 1942 praeponun-

156 1967 251 2011 tur,
294 1955 375 2019 qui
418 1972 504 2018 per
541 1970 619 2000 eos
658 1953 715 2001 ad
751 1953 934 2000 cultum
969 1953 1110 2000 unius
1148 1955 1232 2000 Dei
1270 1952 1569 2001 mortificatis

155 2032 366 2080 sensibus
402 2033 555 2078 earnis
592 2037 806 2079 conversi
843 2041 970 2078 sunt.
1013 2033 1166 2079 Porro
1211 2033 1331 2080 alter
1371 2049 1566 2090 servus,

156 2113 266 2177 qui,
294 2111 525 2176 negotiari
546 2112 699 2174 jussus
718 2145 730 2165 ,
757 2119 996 2173 acceptam
1028 2110 1221 2158 Domini
1244 2110 1494 2174 pecuniam
1518 2109 1568 2156 in

157 2189 345 2236 sudario
381 2189 619 2252 reposuit,
646 2187 842 2234 denotat
873 2204 951 2234 eos
977 2189 1085 2251 qui,
1121 2187 1178 2233 ad
1213 2186 1570 2251 praedicandum

157 2266 337 2321 idonei,
366 2263 718 2327 praedicationis
742 2264 974 2323 officium,
1002 2262 1202 2327 jubente
1225 2263 1457 2323 Domino,
1485 2281 1572 2328 per

157 2343 396 2391 ecclesiam
427 2342 498 2387 vel
533 2341 696 2387 saltem
732 2342 992 2405 suspicere,
1019 2341 1091 2388 vel
1125 2352 1396 2406 susceptum
1429 2342 1572 2407 digne

156 2438 318 2485 gerere
341 2419 622 2465 detrectant.
649 2419 900 2466 Pecuniam
929 2419 975 2465 in
1001 2419 1188 2466 sudario
1210 2420 1354 2485 ligare
1379 2430 1448 2467 est
1464 2436 1572 2484 per-

158 2508 289 2562 cepta
314 2497 435 2543 dona
462 2495 548 2542 sub
576 2497 676 2543 otio
702 2496 816 2543 lenti
845 2497 1052 2561 torporis
1074 2496 1378 2545 abscondere.
1406 2497 1460 2544 ln
1484 2495 1570 2543 hac

157 2573 404 2638 parabola,
441 2591 525 2637 per
554 2573 671 2620 duos
703 2592 859 2620 servos
888 2574 1046 2622 fideles
1081 2574 1292 2638 intellige
1323 2573 1570 2637 utriusque

228 2766 250 2791 ¹,
285 2753 347 2785 Lm
384 2763 573 2784 111.1-11.
