1738 3043
588 249 743 289 LIBER
771 249 1051 289 SECUNDUS.
1454 251 1533 290 347

111 333 281 379 Sancta
300 340 452 378 mater
475 330 680 378 Ecclesia
697 329 870 387 credit,
893 340 939 377 et
958 330 1116 378 omnis
1136 329 1395 377 catholicus
1419 330 1533 378 fide-

111 409 221 458 liter
240 409 405 457 asserit
431 408 560 475 quod
580 425 648 456 x11
668 407 869 472 apostoli
895 426 1004 456 vere
1030 408 1153 455 beati
1181 420 1293 455 sunt
1315 419 1363 456 et
1384 408 1531 456 subli-

110 504 232 543 meS,
264 497 553 552 aeternaeque
577 484 815 533 felicitatis
838 485 1107 550 participes.
1135 485 1210 531 Sal
1240 486 1368 532 enim
1390 495 1531 533 terrae

110 575 158 612 et
182 564 261 610 lux
287 563 480 620 mundi,
503 578 572 610 xn
594 561 724 610 horae
750 562 971 626 perennis
990 561 1109 619 diei,
1137 562 1399 611 fructiferae
1426 564 1532 610 vitis

107 640 325 688 foecundi
359 641 605 706 palmiteS,
645 638 821 686 Christi
859 650 1217 704 cooperatores,
1256 642 1450 706 ejusque
1482 641 1528 687 in

106 737 257 786 regno
290 720 471 768 coelesti
511 718 806 776 cohaeredes,
845 718 1019 766 celebri
1057 720 1287 766 memoria
1319 719 1532 767 fidelium

106 798 278 862 passim
302 798 609 855 recoluntur3
633 807 680 844 et
700 797 748 844 in
773 798 958 844 cunctis
984 796 1284 855 nationibus,
1313 796 1395 844 ubi
1421 816 1530 845 vera

108 875 222 924 fides
258 877 482 942 imperat,
524 875 843 934 honorantur,
885 877 1193 942 magistrique
1225 877 1443 942 gentium
1484 886 1532 924 et

106 965 317 1003 rectores
354 955 656 1002 ecclesiarum
691 964 976 1002 veneranter
1011 954 1288 1003 vocitantur
1318 975 1328 1001 :
1363 964 1531 1018 utpote

105 1030 237 1080 orbis
274 1051 298 1080 a
334 1032 526 1080 Christo
559 1033 808 1081 constituti
837 1031 1048 1097 judices,
1077 1031 1400 1096 reproborum
1432 1031 1533 1078 dis-

106 1110 236 1157 tricti
259 1128 477 1159 censores
505 1122 552 1159 et
577 1110 865 1159 devotorum
882 1111 947 1175 pii
968 1110 1232 1175 adjutores,
1262 1109 1532 1175 assiduique

108 1188 457 1237 intercessores·
486 1190 729 1254 Despectis
752 1190 881 1237 enim
901 1187 1127 1236 omnibus
1152 1205 1259 1253 quae
1289 1187 1530 1235 mundana

105 1276 241 1324 sunt,
271 1266 487 1325 Christo,
517 1268 600 1332 qui
624 1285 731 1315 vera
755 1268 866 1314 vitis
898 1278 945 1315 et
972 1267 1066 1313 vita
1093 1276 1162 1314 est
1179 1303 1192 1324 ,
1217 1265 1531 1314 indissolubi-

105 1345 216 1393 liter
239 1344 550 1394 inhaeserunt.
580 1346 722 1393 Nunc
747 1347 797 1393 in
823 1346 959 1393 coelis
986 1363 1097 1393 cum
1127 1344 1293 1393 eodem
1314 1363 1423 1410 rege
1451 1363 1531 1392 re-

103 1441 218 1488 gum
253 1435 482 1489 regnant,
507 1425 555 1471 in
580 1426 678 1490 ejus
700 1426 900 1490 perenni
935 1425 1070 1472 laude
1103 1442 1212 1471 cum
1240 1424 1416 1489 angelis
1440 1424 1531 1470 tri—

103 1501 329 1566 pudiant,
370 1513 418 1549 et
454 1520 596 1567 super
628 1519 696 1549 xn
736 1501 938 1550 thronos
974 1501 1234 1550 residentes
1268 1518 1335 1548 ΧΗ
1375 1500 1528 1548 tribus

106 1580 246 1626 lsrael
275 1597 383 1626 cum
413 1579 622 1627 Domino
639 1579 874 1644 judicant.
901 1581 1088 1627 Horum
1112 1579 1345 1645 siquidem
1372 1590 1527 1644 gesta,

105 1674 213 1721 quae
239 1655 464 1722 leguntur
490 1657 538 1703 in
569 1656 776 1704 Ecclesia
793 1691 806 1714 ,
832 1666 1155 1721 perscrutatus
1180 1674 1311 1714 sum,
1340 1655 1531 1704 eadem-

105 1752 200 1800 que
234 1746 382 1799 prout
426 1736 475 1782 in
507 1736 674 1799 priscis
710 1736 868 1783 inveni
910 1734 1178 1792 codicibus,
1205 1735 1321 1782 mihi
1352 1734 1529 1782 abbre-

106 1812 279 1859 viando
303 1812 587 1859 exercitatus
613 1830 735 1858 sum.

171 1888 304 1936 XIV.
331 1888 519 1936 Amodo
541 1889 599 1937 de
623 1890 760 1937 sociis
780 1900 828 1936 et
850 1889 1196 1936 successoribus
1216 1906 1383 1936 eorum
1403 1898 1529 1934 trac-

109 1977 207 2014 tare
234 1966 476 2023 desidero,
503 1979 550 2015 et
571 1966 889 2032 quorumdam
907 1968 1230 2023 mentionem,
1260 1966 1529 2031 opitulante

108 2047 232 2103 Deo,
261 2045 370 2092 huic
403 2047 534 2110 operi
566 2046 735 2093 devote
762 2044 1126 2094 commendabo.
1156 2045 1206 2092 Id
1236 2062 1393 2110 agam,
1427 2061 1528 2091 non

107 2124 236 2190 quod
268 2125 353 2189 ipsi
378 2142 479 2172 mea
507 2123 750 2190 indigeant
774 2124 1069 2181 laudatione,
1100 2141 1309 2190 quorum
1334 2123 1432 2169 laus
1457 2132 1527 2169 est

107 2204 231 2251 Deus
262 2204 385 2269 ipse,
412 2204 493 2268 qui
528 2205 680 2250 trinus
713 2213 760 2250 et
788 2220 911 2250 unus
944 2213 1110 2269 regnat
1143 2203 1190 2249 in
1223 2202 1523 2258 aeternitate,

106 2299 311 2348 suosque
345 2301 502 2330 secum
529 2281 766 2330 beatificat
795 2294 971 2331 aeterna
1000 2282 1414 2337 remuneratione;
1449 2281 1529 2328 sed

107 2370 162 2407 ut
185 2361 249 2409 eis
273 2359 363 2408 hoc
388 2360 570 2426 agendo
594 2359 841 2408 exhibeam
863 2378 1016 2408 meam
1036 2360 1366 2416 devotionem,
1395 2357 1529 2406 obli-

110 2456 340 2504 neamque
383 2437 595 2485 favorem
629 2454 795 2485 eorum
829 2437 887 2485 ad
918 2455 1069 2485 meam
1106 2436 1414 2484 salvationem
1452 2435 1530 2499 pie

109 2515 472 2564 nanciscendam
497 2533 583 2580 per
605 2531 774 2562 eorum
797 2515 1218 2562 interventionem.

171 2594 346 2660 Joseph
376 2595 538 2661 igitur,
563 2595 644 2660 qui
670 2592 931 2650 Barnabas,
964 2593 1012 2640 id
1034 2604 1104 2642 est
1119 2593 1264 2659 filius
1296 2591 1524 2639 consola-

111 2674 274 2728 tionis,
313 2673 676 2738 cognominatus
708 2683 769 2717 ost
793 2708 804 2727 ,
844 2671 1036 2718 natione
1069 2671 1260 2737 Cypriae
1293 2668 1520 2722 civitatis,

110 2766 218 2813 quae
246 2768 271 2797 a
291 2750 445 2814 Cyro,
474 2768 579 2816 rege
599 2750 845 2796 Persarum
862 2784 873 2804 ‚
904 2748 1096 2795 fundata
1122 2758 1213 2804 cst,
1247 2747 1389 2795 tertio
1415 2754 1521 2809 post
