1738 3043
595 217 749 257 LIBER
780 218 990 258 PRlMUS.
1435 226 1511 263 113

82 293 475 361 Asclepiodotum
513 295 798 360 praefectum
835 298 1087 360 praetorii,
1131 298 1392 348 Britanniae
1432 319 1515 348 re-

83 384 234 439 ceptae
260 375 418 438 sunt].

147 452 292 501 Nono
316 453 502 500 decimo
524 469 654 500 anno
678 451 1008 500 Diocletianus
1037 455 1083 500 in
1112 455 1334 515 Oriente,
1363 459 1517 505 Maxi-

82 531 268 578 mianus
288 531 539 579 Herculius
561 531 610 576 in
631 529 888 578 Occidente
913 531 1128 578 ecclesias
1154 535 1344 592 vastari,
1372 536 1512 602 affligi

82 608 378 657 Christianos
403 619 450 657 et
477 608 682 656 interfici
706 608 1016 673 praecipiunt.
1047 610 1329 676 [Secundo]
1356 623 1515 660 autem

82 687 456 752 [persecutionis
480 704 610 734 anno
643 686 972 734 Diocletianus
1003 687 1323 748 Nicomediae,
1354 691 1515 738 Maxi-

80 765 269 812 mianus
300 764 560 813 Mediolani
596 782 865 830 purpuram
889 764 1259 832 deposuerunt]
1288 768 1515 818 Attamen

81 853 242 908 coepta
266 844 411 892 semel
440 844 710 909 persecutio
734 861 883 910 usque
909 843 967 891 ad
990 846 1249 910 septimum
1279 846 1516 895 Constan-

83 921 173 969 tini
199 939 382 969 annum
405 920 591 970 fervere
618 939 717 970 non
746 932 909 969 cessat.
940 922 1250 970 Constantius
1281 932 1388 971 xvl⁰
1422 926 1518 972 im-

81 999 201 1064 perii
220 1017 376 1058 anno,
397 1018 597 1048 summae
616 999 998 1048 mansuetudinis
1015 1012 1063 1048 et
1082 1001 1325 1050 civilitatis
1349 1003 1441 1062 vir,
1466 1005 1517 1051 in

77 1077 328 1126 Britannia
370 1078 497 1126 diem
531 1077 656 1127 obiit
691 1078 914 1127 Eboraci.
959 1079 1073 1126 Haec
1109 1082 1380 1145 persecutIO
1420 1092 1518 1129 tam

82 1157 286 1206 crudelis
310 1168 358 1206 et
380 1157 546 1206 crebra
572 1156 828 1224 flagrabat,
866 1168 922 1205 ut
959 1158 1087 1205 intra
1118 1177 1273 1206 unum
1302 1178 1516 1209 mensem

80 1236 244 1285 decem
262 1248 309 1285 et
330 1247 442 1285 octo
461 1237 610 1284 millia
629 1248 902 1303 martyrum
924 1255 1016 1302 pro
1035 1236 1229 1286 Christo
1245 1240 1366 1304 passi
1392 1240 1520 1288 inve-

81 1315 296 1362 niantur.
314 1316 438 1362 Nam
449 1326 494 1363 et
510 1315 683 1363 Oceani
704 1314 905 1362 limbum
924 1325 1230 1382 transgressa,
1253 1317 1516 1375 Albanum,

79 1392 242 1441 Aaron
278 1404 326 1442 et
355 1394 539 1441 Julium
563 1394 857 1452 Britanniae,
885 1411 995 1440 cum
1026 1394 1128 1440 aliis
1157 1393 1380 1459 pluribus
1402 1397 1519 1442 viris

79 1489 132 1518 ac
147 1471 342 1520 feminis
355 1471 483 1520 felici
500 1489 672 1519 cruore
690 1471 953 1518 damnavit.
972 1472 1112 1518 Tunc
1128 1489 1289 1537 passus
1303 1483 1373 1521 est
1386 1475 1522 1522 Pam-

79 1549 238 1616 philus
261 1550 542 1617 presbyter,
573 1550 766 1599 Eusehii
795 1551 1094 1600 Caesariensis
1124 1553 1335 1618 episcopi
1362 1572 1520 1602 neces-

80 1629 229 1677 sarius
246 1665 260 1688 ‚
309 1631 442 1695 cujus
485 1629 633 1677 vitam
676 1629 774 1695 ipse
815 1628 970 1678 tribus
1015 1628 1151 1678 libris
1192 1632 1517 1698 comprehen-

78 1707 151 1756 dit
174 1709 271 1774 (ι).

86 1915 129 1941 ιετ
142 1907 232 1942 avril
247 1907 328 1944 286.
344 1908 542 1944 carausius
554 1909 671 1955 par-ait
688 1907 788 1942 avoir
806 1907 882 1955 pris
900 1907 933 1942 la
949 1918 1110 1954 pour-pre
1125 1908 1189 1943 des
1206 1908 1286 1957 287,
1304 1915 1341 1943 et
1356 1908 1387 1943 la
1406 1909 1519 1956 garda

78 1967 222 2015 jusqu’a
235 1979 270 2002 sa
283 1974 379 2002 mort
394 1980 439 2002 en
454 1966 533 2015 293.
550 1967 755 2002 L’invasion
776 1967 822 2001 de
836 1966 1001 2003 l’Orient
1015 1980 1082 2014 par
1092 1968 1229 2003 Narsee
1241 1975 1296 2003 est
1313 1968 1358 2004 de
1371 1981 1452 2018 2973
1467 1969 1519 2005 les

82 2038 230 2074 ravages
246 2026 309 2061 des
326 2027 673 2075 Quinquegentiens
693 2026 738 2060 dc
757 2037 838 2074 292.
859 2027 906 2061 La
927 2025 1064 2061 revolte
1083 2025 1288 2062 d'Achillee
1308 2029 1518 2075 appartient

81 2088 101 2120 a
120 2085 153 2120 la
172 2086 291 2121 meme
309 2085 392 2121 date
410 2093 446 2121 et
465 2099 501 2121 se
520 2085 721 2133 prolongea
738 2085 821 2133 plus
838 2084 884 2120 de
902 2085 988 2133 cinq
1012 2097 1085 2120 ans.
1109 2086 1207 2121 C'est
1222 2085 1256 2120 le
1275 2091 1321 2119 ιθ*
1333 2099 1430 2122 mars
1449 2099 1516 2135 292

81 2159 153 2195 que
162 2147 367 2183 Constance
378 2154 415 2182 ct
427 2147 458 2183 G
465 2147 563 2182 alere
575 2147 700 2182 surent
713 2148 813 2181 crees
825 2148 941 2181 cesars
952 2154 988 2182 et
1000 2146 1152 2181 associes
1169 2148 1187 2180 ἐι
1202 2147 1381 2194 l'empire.
1394 2148 1515 2193 Εηίὶυ,

81 2206 167 2242 c’est
180 2218 313 2242 encore
323 2219 370 2242 en
387 2218 454 2255 292
473 2220 546 2255 que
560 2207 766 2242 Constance
784 2206 922 2242 Chlore
937 2208 1073 2253 epousa
1092 2205 1290 2242 Theodora
1303 2235 1312 2251 ,
1330 2207 1516 2244 belle-fille

81 2265 127 2301 de
144 2267 343 2302 Maximien
356 2294 366 2310 ‚
386 2273 423 2301 et
441 2266 595 2310 Galen-e,
618 2266 787 2310 Valet-ie,
810 2265 882 2301 fille
902 2265 947 2300 de
965 2266 1184 2301 Diocletien.
1206 2266 1258 2301 Ce
1285 2279 1330 2301 ue
1351 2274 1432 2302 sont
1452 2280 1515 2315 pas

82 2326 136 2362 six
154 2338 318 2374 garg-ons,
341 2339 484 2362 comme
499 2339 546 2362 on
559 2327 727 2374 pourrait
744 2326 777 2361 le
792 2326 910 2361 croire
929 2326 1071 2374 d'apres
1088 2325 1122 2360 le
1140 2332 1238 2360 texte
1258 2325 1303 2360 de
1323 2334 1430 2362 notre
1449 2340 1516 2362 au-

82 2393 178 2427 teur,
199 2388 289 2422 mais
311 2388 402 2422 trois
421 2400 574 2435 gai-cons
604 2394 641 2423 et
669 2387 760 2422 trois
780 2387 870 2422 filles
896 2388 959 2436 qui
988 2388 1188 2435 naquircnt
1206 2386 1257 2422 du
1277 2389 1439 2437 mariage
1468 2389 1514 2425 de

81 2445 285 2482 Constanee
310 2454 348 2482 et
375 2446 420 2482 de
440 2446 648 2481 Theodora.
677 2446 936 2494 Asclepiodote
964 2447 1161 2493 reconquit
1186 2446 1219 2481 la
1247 2447 1512 2484 Grande-Bre—

83 2511 192 2554 tagne
211 2519 273 2542 sur
292 2506 456 2543 Allectus
473 2519 517 2542 cn
541 2519 621 2556 ²97·

128 2566 178 2612 (ι)
197 2567 244 2602 La
261 2566 419 2602 dixi'eme
439 2567 670 2614 persecution
688 2573 816 2601 contre
834 2566 886 2600 les
901 2565 1091 2601 clirctiens
1115 2578 1326 2613 commenca
1343 2566 1376 2601 le
1397 2565 1442 2602 25
1458 2567 1511 2602 sc-

83 2625 178 2661 vrier
196 2624 278 2662 303.
299 2627 400 2662 Nous
419 2639 528 2662 avons
547 2626 627 2673 deja
654 2626 709 2661 dit
736 2639 808 2674 que
835 2625 1070 2661 l’abdication
1095 2626 1159 2662 des
1188 2626 1283 2662 deux
1301 2639 1513 2674 empereurs

84 2690 148 2718 eut
166 2684 238 2720 lieu
256 2685 289 2721 lc
313 2692 355 2720 1¹⁸r
375 2687 445 2722 mai
465 2685 546 2722 505.
570 2686 688 2722 L’cdit
715 2687 778 2734 qui
806 2700 827 2732 y
848 2687 915 2720 mit
937 2686 985 2720 fin
1003 2694 1058 2721 est
1081 2686 1132 2721 du
1151 2687 1356 2733 printcmps
1380 2687 1425 2721 dc
1443 2685 1506 2721 311

86 2744 308 2791 (εἰηᾳυίὸῐηρ
326 2749 439 2782 annec
459 2746 504 2781 ‹le
524 2748 772 2791 Constantin).
794 2747 1000 2782 Constancn
1022 2746 1158 2781 Chlore
1185 2753 1337 2781 mourut
1364 2750 1381 2780 i·
1414 2746 1509 2780 ἴοι-Κ

186 2820 218 2849 ι.
1287 2807 1316 2851 8
