<?xml version="1.0" encoding="UTF-8"?>
<!DOCTYPE html PUBLIC "-//W3C//DTD XHTML 1.0 Transitional//EN"
    "http://www.w3.org/TR/xhtml1/DTD/xhtml1-transitional.dtd">
<html xmlns="http://www.w3.org/1999/xhtml" xml:lang="en" lang="en">
 <head>
  <title>
</title>
<meta http-equiv="Content-Type" content="text/html;charset=utf-8" />
  <meta name='ocr-system' content='tesseract 3.04.00' />
  <meta name='ocr-capabilities' content='ocr_page ocr_carea ocr_par ocr_line ocrx_word'/>
</head>
<body>
  <div class='ocr_page' id='page_1' title='image "./ordericivitalish01ordeuoft/ordericivitalish01ordeuoft_0031.png"; bbox 0 0 1738 3043; ppageno 0'>
   <div class='ocr_carea' id='block_1_1' title="bbox 130 181 1578 2437">
    <p class='ocr_par' dir='ltr' id='par_1_1' title="bbox 130 181 1552 638">
     <span class='ocr_line' id='line_1_1' title="bbox 645 181 1549 221; baseline 0.002 -2"><span class='ocrx_word' id='word_1_1' title='bbox 645 181 797 220; x_wconf 79' lang='lat' dir='ltr'><strong>LlBER</strong></span> <span class='ocrx_word' id='word_1_2' title='bbox 830 182 1038 220; x_wconf 79' lang='lat' dir='ltr'>PRIMUS.</span> <span class='ocrx_word' id='word_1_3' title='bbox 1501 186 1549 221; x_wconf 76' lang='lat'><strong>15</strong></span> 
     </span>
     <span class='ocr_line' id='line_1_2' title="bbox 134 259 1552 326; baseline -0.003 -15"><span class='ocrx_word' id='word_1_4' title='bbox 134 274 303 319; x_wconf 87' lang='lat' dir='ltr'><strong>nocte,</strong></span> <span class='ocrx_word' id='word_1_5' title='bbox 334 262 527 326; x_wconf 88' lang='lat' dir='ltr'><strong>cupiens</strong></span> <span class='ocrx_word' id='word_1_6' title='bbox 551 262 648 324; x_wconf 85' lang='lat' dir='ltr'><strong>ejus</strong></span> <span class='ocrx_word' id='word_1_7' title='bbox 685 269 860 305; x_wconf 82' lang='lat' dir='ltr'><strong>secreta</strong></span> <span class='ocrx_word' id='word_1_8' title='bbox 894 259 1076 322; x_wconf 83' lang='lat' dir='ltr'><strong>perfrui</strong></span> <span class='ocrx_word' id='word_1_9' title='bbox 1111 259 1415 307; x_wconf 79' lang='lat' dir='ltr'>allocutione.</span> <span class='ocrx_word' id='word_1_10' title='bbox 1452 260 1552 308; x_wconf 87' lang='lat' dir='ltr'><strong>Me-</strong></span> 
     </span>
     <span class='ocr_line' id='line_1_3' title="bbox 131 334 1552 406; baseline -0.002 -18"><span class='ocrx_word' id='word_1_11' title='bbox 131 343 230 388; x_wconf 90' lang='lat' dir='ltr'><strong>ruit</strong></span> <span class='ocrx_word' id='word_1_12' title='bbox 248 358 361 406; x_wconf 77' lang='lat' dir='ltr'><strong>ergo</strong></span> <span class='ocrx_word' id='word_1_13' title='bbox 381 338 550 386; x_wconf 86' lang='lat' dir='ltr'><strong>instrui</strong></span> <span class='ocrx_word' id='word_1_14' title='bbox 571 337 628 384; x_wconf 88' lang='lat' dir='ltr'><strong>de</strong></span> <span class='ocrx_word' id='word_1_15' title='bbox 646 337 824 383; x_wconf 82' lang='lat' dir='ltr'><strong>virtute</strong></span> <span class='ocrx_word' id='word_1_16' title='bbox 842 334 1064 400; x_wconf 85' lang='lat' dir='ltr'>baptismi</span> <span class='ocrx_word' id='word_1_17' title='bbox 1083 372 1095 395; x_wconf 86' lang='lat'>,</span> <span class='ocrx_word' id='word_1_18' title='bbox 1117 336 1175 384; x_wconf 87' lang='lat' dir='ltr'><strong>de</strong></span> <span class='ocrx_word' id='word_1_19' title='bbox 1194 339 1552 403; x_wconf 69' lang='lat' dir='ltr'><strong>regeneratione</strong></span> 
     </span>
     <span class='ocr_line' id='line_1_4' title="bbox 131 414 1548 484; baseline -0.001 -18"><span class='ocrx_word' id='word_1_20' title='bbox 131 437 187 466; x_wconf 89' lang='lat' dir='ltr'><strong>ex</strong></span> <span class='ocrx_word' id='word_1_21' title='bbox 216 436 335 484; x_wconf 87' lang='lat' dir='ltr'><strong>aqua</strong></span> <span class='ocrx_word' id='word_1_22' title='bbox 362 428 409 464; x_wconf 92' lang='lat' dir='ltr'><strong>et</strong></span> <span class='ocrx_word' id='word_1_23' title='bbox 440 416 639 482; x_wconf 87' lang='lat' dir='ltr'><strong>spiritu,</strong></span> <span class='ocrx_word' id='word_1_24' title='bbox 666 414 723 461; x_wconf 89' lang='lat' dir='ltr'><strong>de</strong></span> <span class='ocrx_word' id='word_1_25' title='bbox 747 414 816 460; x_wconf 90' lang='lat' dir='ltr'><strong>sui</strong></span> <span class='ocrx_word' id='word_1_26' title='bbox 844 414 1149 462; x_wconf 86' lang='lat' dir='ltr'><strong>descensione</strong></span> <span class='ocrx_word' id='word_1_27' title='bbox 1178 426 1222 463; x_wconf 89' lang='lat' dir='ltr'><strong>ct</strong></span> <span class='ocrx_word' id='word_1_28' title='bbox 1249 417 1548 474; x_wconf 84' lang='lat' dir='ltr'><strong>ascensione,</strong></span> 
     </span>
     <span class='ocr_line' id='line_1_5' title="bbox 130 491 1551 560; baseline -0.001 -18"><span class='ocrx_word' id='word_1_29' title='bbox 130 495 188 543; x_wconf 90' lang='lat' dir='ltr'><strong>de</strong></span> <span class='ocrx_word' id='word_1_30' title='bbox 213 495 444 560; x_wconf 89' lang='lat' dir='ltr'><strong>serpentis</strong></span> <span class='ocrx_word' id='word_1_31' title='bbox 475 493 594 541; x_wconf 88' lang='lat' dir='ltr'><strong>aenei</strong></span> <span class='ocrx_word' id='word_1_32' title='bbox 629 492 784 558; x_wconf 84' lang='lat' dir='ltr'><strong>typica</strong></span> <span class='ocrx_word' id='word_1_33' title='bbox 819 491 1106 540; x_wconf 79' lang='lat' dir='ltr'><strong>exaltatione</strong></span> <span class='ocrx_word' id='word_1_34' title='bbox 1131 503 1178 540; x_wconf 90' lang='lat' dir='ltr'><strong>et</strong></span> <span class='ocrx_word' id='word_1_35' title='bbox 1211 495 1316 541; x_wconf 86' lang='lat' dir='ltr'><strong>Filii</strong></span> <span class='ocrx_word' id='word_1_36' title='bbox 1344 495 1551 542; x_wconf 81' lang='lat' dir='ltr'><strong>hominis</strong></span> 
     </span>
     <span class='ocr_line' id='line_1_6' title="bbox 132 572 698 638; baseline -0.007 -18"><span class='ocrx_word' id='word_1_37' title='bbox 132 572 341 620; x_wconf 85' lang='lat' dir='ltr'><strong>indebita</strong></span> <span class='ocrx_word' id='word_1_38' title='bbox 366 573 582 638; x_wconf 84' lang='lat' dir='ltr'><strong>passione</strong></span> <span class='ocrx_word' id='word_1_39' title='bbox 606 572 698 636; x_wconf 91' lang='lat'>(1).</span> 
     </span>
    </p>

    <p class='ocr_par' dir='ltr' id='par_1_2' title="bbox 130 647 1557 1186">
     <span class='ocr_line' id='line_1_7' title="bbox 195 647 1554 708; baseline 0 -11"><span class='ocrx_word' id='word_1_40' title='bbox 195 655 307 700; x_wconf 86' lang='lat' dir='ltr'><strong>Post</strong></span> <span class='ocrx_word' id='word_1_41' title='bbox 325 650 426 697; x_wconf 85' lang='lat' dir='ltr'><strong>haec</strong></span> <span class='ocrx_word' id='word_1_42' title='bbox 440 686 453 708; x_wconf 91' lang='lat'><em>‚</em></span> <span class='ocrx_word' id='word_1_43' title='bbox 473 650 708 697; x_wconf 89' lang='lat' dir='ltr'><strong>Dominus</strong></span> <span class='ocrx_word' id='word_1_44' title='bbox 728 647 860 695; x_wconf 88' lang='lat' dir='ltr'><strong>venit</strong></span> <span class='ocrx_word' id='word_1_45' title='bbox 880 647 930 694; x_wconf 91' lang='lat' dir='ltr'><strong>in</strong></span> <span class='ocrx_word' id='word_1_46' title='bbox 948 647 1179 695; x_wconf 84' lang='lat' dir='ltr'><strong>Judaeam.</strong></span> <span class='ocrx_word' id='word_1_47' title='bbox 1207 648 1309 695; x_wconf 87' lang='lat' dir='ltr'><strong>lllic</strong></span> <span class='ocrx_word' id='word_1_48' title='bbox 1333 668 1443 697; x_wconf 90' lang='lat' dir='ltr'><strong>cum</strong></span> <span class='ocrx_word' id='word_1_49' title='bbox 1464 651 1554 698; x_wconf 89' lang='lat' dir='ltr'><strong>dis-</strong></span> 
     </span>
     <span class='ocr_line' id='line_1_8' title="bbox 130 726 1555 795; baseline 0 -18"><span class='ocrx_word' id='word_1_50' title='bbox 130 730 298 795; x_wconf 89' lang='lat' dir='ltr'><strong>cipulis</strong></span> <span class='ocrx_word' id='word_1_51' title='bbox 317 730 412 777; x_wconf 91' lang='lat' dir='ltr'><strong>suis</strong></span> <span class='ocrx_word' id='word_1_52' title='bbox 428 726 783 785; x_wconf 80' lang='lat' dir='ltr'><strong>demorabatur,</strong></span> <span class='ocrx_word' id='word_1_53' title='bbox 808 736 855 774; x_wconf 90' lang='lat' dir='ltr'><strong>et</strong></span> <span class='ocrx_word' id='word_1_54' title='bbox 877 726 1014 792; x_wconf 92' lang='lat' dir='ltr'><strong>plura</strong></span> <span class='ocrx_word' id='word_1_55' title='bbox 1032 727 1193 773; x_wconf 88' lang='lat' dir='ltr'><strong>salutis</strong></span> <span class='ocrx_word' id='word_1_56' title='bbox 1216 728 1416 792; x_wconf 81' lang='lat' dir='ltr'><strong>insignia</strong></span> <span class='ocrx_word' id='word_1_57' title='bbox 1435 746 1555 794; x_wconf 89' lang='lat' dir='ltr'><strong>ope-</strong></span> 
     </span>
     <span class='ocr_line' id='line_1_9' title="bbox 130 804 1554 872; baseline -0.001 -16"><span class='ocrx_word' id='word_1_58' title='bbox 130 807 343 856; x_wconf 88' lang='lat' dir='ltr'><strong>rabatur.</strong></span> <span class='ocrx_word' id='word_1_59' title='bbox 370 809 577 855; x_wconf 89' lang='lat' dir='ltr'><strong>Joannes</strong></span> <span class='ocrx_word' id='word_1_60' title='bbox 601 817 758 854; x_wconf 89' lang='lat' dir='ltr'><strong>autem</strong></span> <span class='ocrx_word' id='word_1_61' title='bbox 783 815 884 853; x_wconf 86' lang='lat' dir='ltr'><strong>erat</strong></span> <span class='ocrx_word' id='word_1_62' title='bbox 907 804 1152 870; x_wconf 87' lang='lat' dir='ltr'><strong>baptizans</strong></span> <span class='ocrx_word' id='word_1_63' title='bbox 1183 806 1231 852; x_wconf 90' lang='lat' dir='ltr'><strong>in</strong></span> <span class='ocrx_word' id='word_1_64' title='bbox 1261 806 1404 854; x_wconf 89' lang='lat' dir='ltr'><strong>Enon</strong></span> <span class='ocrx_word' id='word_1_65' title='bbox 1418 809 1554 872; x_wconf 87' lang='lat' dir='ltr'><strong>juxta</strong></span> 
     </span>
     <span class='ocr_line' id='line_1_10' title="bbox 131 885 1556 952; baseline -0.001 -19"><span class='ocrx_word' id='word_1_66' title='bbox 131 886 310 952; x_wconf 42' lang='lat' dir='ltr'><strong>Salimz</strong></span> <span class='ocrx_word' id='word_1_67' title='bbox 335 885 418 932; x_wconf 89' lang='lat' dir='ltr'><strong>ubi</strong></span> <span class='ocrx_word' id='word_1_68' title='bbox 445 885 611 932; x_wconf 81' lang='lat' dir='ltr'><strong>multae</strong></span> <span class='ocrx_word' id='word_1_69' title='bbox 647 901 782 950; x_wconf 85' lang='lat' dir='ltr'><strong>aquae</strong></span> <span class='ocrx_word' id='word_1_70' title='bbox 817 895 986 942; x_wconf 83' lang='lat' dir='ltr'><strong>erant3</strong></span> <span class='ocrx_word' id='word_1_71' title='bbox 1026 894 1102 940; x_wconf 89' lang='lat' dir='ltr'><strong>et,</strong></span> <span class='ocrx_word' id='word_1_72' title='bbox 1131 885 1556 950; x_wconf 72' lang='lat' dir='ltr'><strong>conquaerentibus</strong></span> 
     </span>
     <span class='ocr_line' id='line_1_11' title="bbox 130 962 1556 1030; baseline -0.001 -18"><span class='ocrx_word' id='word_1_73' title='bbox 130 963 371 1030; x_wconf 89' lang='lat' dir='ltr'><strong>discipulis</strong></span> <span class='ocrx_word' id='word_1_74' title='bbox 396 966 492 1029; x_wconf 89' lang='lat' dir='ltr'><strong>ejus</strong></span> <span class='ocrx_word' id='word_1_75' title='bbox 527 974 573 1011; x_wconf 88' lang='lat' dir='ltr'><strong>et</strong></span> <span class='ocrx_word' id='word_1_76' title='bbox 605 963 807 1020; x_wconf 86' lang='lat' dir='ltr'><strong>Judaeis,</strong></span> <span class='ocrx_word' id='word_1_77' title='bbox 836 962 893 1009; x_wconf 92' lang='lat' dir='ltr'><strong>de</strong></span> <span class='ocrx_word' id='word_1_78' title='bbox 919 962 1111 1009; x_wconf 89' lang='lat' dir='ltr'><strong>Christo</strong></span> <span class='ocrx_word' id='word_1_79' title='bbox 1139 981 1280 1011; x_wconf 76' lang='lat' dir='ltr'><strong>verax</strong></span> <span class='ocrx_word' id='word_1_80' title='bbox 1311 962 1556 1028; x_wconf 85' lang='lat' dir='ltr'><strong>perhibuit</strong></span> 
     </span>
     <span class='ocr_line' id='line_1_12' title="bbox 133 1040 1557 1106; baseline 0 -16"><span class='ocrx_word' id='word_1_81' title='bbox 133 1045 482 1091; x_wconf 85' lang='lat' dir='ltr'><strong>testimonium.</strong></span> <span class='ocrx_word' id='word_1_82' title='bbox 518 1043 700 1090; x_wconf 90' lang='lat' dir='ltr'><strong>Deinde</strong></span> <span class='ocrx_word' id='word_1_83' title='bbox 733 1043 864 1089; x_wconf 91' lang='lat' dir='ltr'><strong>Jesus</strong></span> <span class='ocrx_word' id='word_1_84' title='bbox 890 1041 1088 1106; x_wconf 88' lang='lat' dir='ltr'><strong>reliquit</strong></span> <span class='ocrx_word' id='word_1_85' title='bbox 1113 1040 1326 1088; x_wconf 86' lang='lat' dir='ltr'><strong>Judaeam</strong></span> <span class='ocrx_word' id='word_1_86' title='bbox 1361 1053 1407 1090; x_wconf 90' lang='lat' dir='ltr'><strong>et</strong></span> <span class='ocrx_word' id='word_1_87' title='bbox 1438 1042 1557 1090; x_wconf 88' lang='lat' dir='ltr'><strong>abiit</strong></span> 
     </span>
     <span class='ocr_line' id='line_1_13' title="bbox 133 1121 1525 1186; baseline 0.001 -18"><span class='ocrx_word' id='word_1_88' title='bbox 133 1123 307 1170; x_wconf 89' lang='lat' dir='ltr'><strong>iterum</strong></span> <span class='ocrx_word' id='word_1_89' title='bbox 333 1122 380 1168; x_wconf 93' lang='lat' dir='ltr'><strong>in</strong></span> <span class='ocrx_word' id='word_1_90' title='bbox 402 1121 646 1168; x_wconf 80' lang='lat' dir='ltr'><strong>Galilaeam</strong></span> <span class='ocrx_word' id='word_1_91' title='bbox 661 1156 676 1178; x_wconf 87' lang='lat'><strong><em>,</em></strong></span> <span class='ocrx_word' id='word_1_92' title='bbox 704 1121 1018 1185; x_wconf 79' lang='lat' dir='ltr'><strong>transivitque</strong></span> <span class='ocrx_word' id='word_1_93' title='bbox 1041 1138 1127 1184; x_wconf 91' lang='lat' dir='ltr'><strong>per</strong></span> <span class='ocrx_word' id='word_1_94' title='bbox 1149 1121 1407 1168; x_wconf 87' lang='lat' dir='ltr'><strong>Samariam</strong></span> <span class='ocrx_word' id='word_1_95' title='bbox 1434 1123 1525 1186; x_wconf 87' lang='lat'>(2).</span> 
     </span>
    </p>

    <p class='ocr_par' dir='ltr' id='par_1_3' title="bbox 131 1198 1578 1739">
     <span class='ocr_line' id='line_1_14' title="bbox 197 1198 1557 1266; baseline 0.001 -19"><span class='ocrx_word' id='word_1_96' title='bbox 197 1202 252 1247; x_wconf 92' lang='lat' dir='ltr'><strong>ln</strong></span> <span class='ocrx_word' id='word_1_97' title='bbox 277 1201 465 1248; x_wconf 79' lang='lat' dir='ltr'><strong>civitate</strong></span> <span class='ocrx_word' id='word_1_98' title='bbox 493 1200 716 1246; x_wconf 88' lang='lat' dir='ltr'><strong>Samariae</strong></span> <span class='ocrx_word' id='word_1_99' title='bbox 740 1217 849 1265; x_wconf 84' lang='lat' dir='ltr'><strong>quae</strong></span> <span class='ocrx_word' id='word_1_100' title='bbox 873 1199 1051 1245; x_wconf 86' lang='lat' dir='ltr'><strong>dicitur</strong></span> <span class='ocrx_word' id='word_1_101' title='bbox 1071 1198 1258 1258; x_wconf 88' lang='lat' dir='ltr'><strong>Sichar,</strong></span> <span class='ocrx_word' id='word_1_102' title='bbox 1279 1202 1413 1265; x_wconf 88' lang='lat' dir='ltr'><strong>juxta</strong></span> <span class='ocrx_word' id='word_1_103' title='bbox 1437 1219 1557 1266; x_wconf 86' lang='lat' dir='ltr'><strong>prae-</strong></span> 
     </span>
     <span class='ocr_line' id='line_1_15' title="bbox 133 1277 1557 1345; baseline 0 -19"><span class='ocrx_word' id='word_1_104' title='bbox 133 1279 266 1326; x_wconf 91' lang='lat' dir='ltr'><strong>dium</strong></span> <span class='ocrx_word' id='word_1_105' title='bbox 302 1280 432 1345; x_wconf 87' lang='lat' dir='ltr'><strong>quod</strong></span> <span class='ocrx_word' id='word_1_106' title='bbox 468 1279 599 1326; x_wconf 85' lang='lat' dir='ltr'><strong>dedit</strong></span> <span class='ocrx_word' id='word_1_107' title='bbox 628 1277 775 1326; x_wconf 89' lang='lat' dir='ltr'><strong>Jacob</strong></span> <span class='ocrx_word' id='word_1_108' title='bbox 803 1278 979 1342; x_wconf 91' lang='lat' dir='ltr'><strong>Joseph</strong></span> <span class='ocrx_word' id='word_1_109' title='bbox 1017 1278 1118 1325; x_wconf 89' lang='lat' dir='ltr'><strong>filio</strong></span> <span class='ocrx_word' id='word_1_110' title='bbox 1155 1296 1271 1336; x_wconf 90' lang='lat' dir='ltr'><strong>suo,</strong></span> <span class='ocrx_word' id='word_1_111' title='bbox 1312 1291 1413 1327; x_wconf 88' lang='lat' dir='ltr'><strong>erat</strong></span> <span class='ocrx_word' id='word_1_112' title='bbox 1448 1280 1557 1328; x_wconf 89' lang='lat' dir='ltr'><strong>fons</strong></span> 
     </span>
     <span class='ocr_line' id='line_1_16' title="bbox 131 1356 1560 1424; baseline 0.001 -20"><span class='ocrx_word' id='word_1_113' title='bbox 131 1358 295 1406; x_wconf 88' lang='lat' dir='ltr'><strong>Jacob.</strong></span> <span class='ocrx_word' id='word_1_114' title='bbox 323 1360 454 1406; x_wconf 88' lang='lat' dir='ltr'><strong>Jesus</strong></span> <span class='ocrx_word' id='word_1_115' title='bbox 480 1375 593 1424; x_wconf 81' lang='lat' dir='ltr'><strong>ergo</strong></span> <span class='ocrx_word' id='word_1_116' title='bbox 616 1357 838 1423; x_wconf 80' lang='lat' dir='ltr'><strong>fatigatus</strong></span> <span class='ocrx_word' id='word_1_117' title='bbox 861 1374 919 1403; x_wconf 92' lang='lat' dir='ltr'><strong>ex</strong></span> <span class='ocrx_word' id='word_1_118' title='bbox 945 1356 1115 1403; x_wconf 87' lang='lat' dir='ltr'><strong>itinere</strong></span> <span class='ocrx_word' id='word_1_119' title='bbox 1139 1356 1259 1404; x_wconf 89' lang='lat' dir='ltr'><strong>sedit</strong></span> <span class='ocrx_word' id='word_1_120' title='bbox 1290 1376 1431 1423; x_wconf 88' lang='lat' dir='ltr'><strong>super</strong></span> <span class='ocrx_word' id='word_1_121' title='bbox 1454 1358 1560 1406; x_wconf 90' lang='lat' dir='ltr'><strong>fon-</strong></span> 
     </span>
     <span class='ocr_line' id='line_1_17' title="bbox 135 1433 1561 1500; baseline 0.001 -18"><span class='ocrx_word' id='word_1_122' title='bbox 135 1446 231 1483; x_wconf 88' lang='lat' dir='ltr'><strong>tem</strong></span> <span class='ocrx_word' id='word_1_123' title='bbox 247 1435 364 1483; x_wconf 89' lang='lat' dir='ltr'><strong>hora</strong></span> <span class='ocrx_word' id='word_1_124' title='bbox 387 1447 514 1483; x_wconf 85' lang='lat' dir='ltr'><strong>sexta</strong></span> <span class='ocrx_word' id='word_1_125' title='bbox 532 1471 546 1493; x_wconf 89' lang='lat'><em>‚</em></span> <span class='ocrx_word' id='word_1_126' title='bbox 573 1447 620 1483; x_wconf 89' lang='lat' dir='ltr'><strong>et</strong></span> <span class='ocrx_word' id='word_1_127' title='bbox 643 1436 844 1500; x_wconf 88' lang='lat' dir='ltr'><strong>mystica</strong></span> <span class='ocrx_word' id='word_1_128' title='bbox 861 1433 1004 1481; x_wconf 81' lang='lat' dir='ltr'><strong>verba</strong></span> <span class='ocrx_word' id='word_1_129' title='bbox 1023 1434 1210 1482; x_wconf 89' lang='lat' dir='ltr'><strong>locutus</strong></span> <span class='ocrx_word' id='word_1_130' title='bbox 1230 1446 1300 1483; x_wconf 90' lang='lat' dir='ltr'><strong>est</strong></span> <span class='ocrx_word' id='word_1_131' title='bbox 1325 1454 1434 1483; x_wconf 91' lang='lat' dir='ltr'><strong>cum</strong></span> <span class='ocrx_word' id='word_1_132' title='bbox 1452 1455 1561 1484; x_wconf 92' lang='lat' dir='ltr'><strong>mu-</strong></span> 
     </span>
     <span class='ocr_line' id='line_1_18' title="bbox 134 1514 1578 1578; baseline 0.003 -19"><span class='ocrx_word' id='word_1_133' title='bbox 134 1514 249 1561; x_wconf 87' lang='lat' dir='ltr'><strong>liere</strong></span> <span class='ocrx_word' id='word_1_134' title='bbox 275 1514 584 1561; x_wconf 86' lang='lat' dir='ltr'><strong>Samaritana.</strong></span> <span class='ocrx_word' id='word_1_135' title='bbox 616 1514 897 1560; x_wconf 87' lang='lat' dir='ltr'><strong>Samaritani</strong></span> <span class='ocrx_word' id='word_1_136' title='bbox 931 1530 1040 1559; x_wconf 89' lang='lat' dir='ltr'><strong>cum</strong></span> <span class='ocrx_word' id='word_1_137' title='bbox 1064 1514 1235 1578; x_wconf 80' lang='lat' dir='ltr'><strong>gaudio</strong></span> <span class='ocrx_word' id='word_1_138' title='bbox 1267 1515 1578 1564; x_wconf 68' lang='lat' dir='ltr'><strong>salvatorem.</strong></span> 
     </span>
     <span class='ocr_line' id='line_1_19' title="bbox 134 1591 1562 1656; baseline 0.003 -18"><span class='ocrx_word' id='word_1_139' title='bbox 134 1602 443 1656; x_wconf 88' lang='lat' dir='ltr'><strong>susceperunt</strong></span> <span class='ocrx_word' id='word_1_140' title='bbox 458 1628 472 1649; x_wconf 90' lang='lat'><strong><em>,</em></strong></span> <span class='ocrx_word' id='word_1_141' title='bbox 499 1601 546 1639; x_wconf 90' lang='lat' dir='ltr'><strong>et</strong></span> <span class='ocrx_word' id='word_1_142' title='bbox 569 1591 757 1639; x_wconf 89' lang='lat' dir='ltr'><strong>duobus</strong></span> <span class='ocrx_word' id='word_1_143' title='bbox 778 1608 937 1638; x_wconf 90' lang='lat' dir='ltr'><strong>secum</strong></span> <span class='ocrx_word' id='word_1_144' title='bbox 956 1609 1096 1655; x_wconf 88' lang='lat' dir='ltr'><strong>prece</strong></span> <span class='ocrx_word' id='word_1_145' title='bbox 1119 1593 1270 1639; x_wconf 90' lang='lat' dir='ltr'><strong>multa</strong></span> <span class='ocrx_word' id='word_1_146' title='bbox 1290 1592 1455 1641; x_wconf 87' lang='lat' dir='ltr'><strong>diebus</strong></span> <span class='ocrx_word' id='word_1_147' title='bbox 1478 1595 1562 1643; x_wconf 89' lang='lat' dir='ltr'><strong>de-</strong></span> 
     </span>
     <span class='ocr_line' id='line_1_20' title="bbox 136 1669 1557 1739; baseline 0.004 -23"><span class='ocrx_word' id='word_1_148' title='bbox 136 1669 413 1728; x_wconf 86' lang='lat' dir='ltr'><strong>tinuerunt,</strong></span> <span class='ocrx_word' id='word_1_149' title='bbox 442 1670 700 1736; x_wconf 63' lang='lat' dir='ltr'><strong>devotique</strong></span> <span class='ocrx_word' id='word_1_150' title='bbox 724 1670 885 1734; x_wconf 86' lang='lat' dir='ltr'><strong>plures</strong></span> <span class='ocrx_word' id='word_1_151' title='bbox 914 1670 963 1716; x_wconf 89' lang='lat' dir='ltr'><strong>in</strong></span> <span class='ocrx_word' id='word_1_152' title='bbox 989 1687 1099 1717; x_wconf 90' lang='lat' dir='ltr'><strong>eum</strong></span> <span class='ocrx_word' id='word_1_153' title='bbox 1130 1671 1438 1720; x_wconf 87' lang='lat' dir='ltr'><strong>crediderunt</strong></span> <span class='ocrx_word' id='word_1_154' title='bbox 1463 1675 1557 1739; x_wconf 82' lang='lat'><strong>(3)</strong></span> 
     </span>
    </p>

    <p class='ocr_par' dir='ltr' id='par_1_4' title="bbox 135 1747 1562 1968">
     <span class='ocr_line' id='line_1_21' title="bbox 201 1747 1562 1813; baseline 0.004 -20"><span class='ocrx_word' id='word_1_155' title='bbox 201 1747 315 1795; x_wconf 90' lang='lat' dir='ltr'><strong>Inde</strong></span> <span class='ocrx_word' id='word_1_156' title='bbox 333 1748 465 1795; x_wconf 90' lang='lat' dir='ltr'><strong>Jesus</strong></span> <span class='ocrx_word' id='word_1_157' title='bbox 485 1748 533 1795; x_wconf 88' lang='lat' dir='ltr'><strong>in</strong></span> <span class='ocrx_word' id='word_1_158' title='bbox 559 1747 807 1794; x_wconf 88' lang='lat' dir='ltr'><strong>Galilaeam</strong></span> <span class='ocrx_word' id='word_1_159' title='bbox 831 1748 879 1794; x_wconf 87' lang='lat' dir='ltr'><strong>in</strong></span> <span class='ocrx_word' id='word_1_160' title='bbox 905 1748 1084 1796; x_wconf 75' lang='lat' dir='ltr'><strong>virtute</strong></span> <span class='ocrx_word' id='word_1_161' title='bbox 1109 1749 1316 1813; x_wconf 88' lang='lat' dir='ltr'><strong>Spiritus</strong></span> <span class='ocrx_word' id='word_1_162' title='bbox 1337 1749 1482 1810; x_wconf 87' lang='lat' dir='ltr'><strong>abiit,</strong></span> <span class='ocrx_word' id='word_1_163' title='bbox 1514 1763 1562 1800; x_wconf 90' lang='lat' dir='ltr'><strong>et</strong></span> 
     </span>
     <span class='ocr_line' id='line_1_22' title="bbox 135 1824 1562 1895; baseline 0.004 -24"><span class='ocrx_word' id='word_1_164' title='bbox 135 1824 257 1872; x_wconf 88' lang='lat' dir='ltr'><strong>sama</strong></span> <span class='ocrx_word' id='word_1_165' title='bbox 271 1825 328 1874; x_wconf 92' lang='lat' dir='ltr'><strong>de</strong></span> <span class='ocrx_word' id='word_1_166' title='bbox 347 1826 430 1874; x_wconf 90' lang='lat' dir='ltr'><strong>illo</strong></span> <span class='ocrx_word' id='word_1_167' title='bbox 443 1845 528 1891; x_wconf 89' lang='lat' dir='ltr'><strong>per</strong></span> <span class='ocrx_word' id='word_1_168' title='bbox 543 1827 814 1873; x_wconf 86' lang='lat' dir='ltr'><strong>universam</strong></span> <span class='ocrx_word' id='word_1_169' title='bbox 827 1826 1074 1891; x_wconf 81' lang='lat' dir='ltr'><strong>regionem</strong></span> <span class='ocrx_word' id='word_1_170' title='bbox 1087 1828 1219 1874; x_wconf 89' lang='lat' dir='ltr'><strong>exiit.</strong></span> <span class='ocrx_word' id='word_1_171' title='bbox 1240 1829 1342 1892; x_wconf 89' lang='lat' dir='ltr'><strong>Ipse</strong></span> <span class='ocrx_word' id='word_1_172' title='bbox 1361 1829 1409 1875; x_wconf 90' lang='lat' dir='ltr'><strong>in</strong></span> <span class='ocrx_word' id='word_1_173' title='bbox 1430 1848 1562 1895; x_wconf 89' lang='lat' dir='ltr'><strong>syna-</strong></span> 
     </span>
     <span class='ocr_line' id='line_1_23' title="bbox 135 1902 1525 1968; baseline 0.003 -18"><span class='ocrx_word' id='word_1_174' title='bbox 135 1903 267 1968; x_wconf 83' lang='lat' dir='ltr'><strong>gogis</strong></span> <span class='ocrx_word' id='word_1_175' title='bbox 290 1920 459 1950; x_wconf 90' lang='lat' dir='ltr'><strong>eorum</strong></span> <span class='ocrx_word' id='word_1_176' title='bbox 482 1902 685 1951; x_wconf 91' lang='lat' dir='ltr'><strong>docebat</strong></span> <span class='ocrx_word' id='word_1_177' title='bbox 708 1914 755 1950; x_wconf 88' lang='lat' dir='ltr'><strong>et</strong></span> <span class='ocrx_word' id='word_1_178' title='bbox 776 1902 1172 1968; x_wconf 85' lang='lat' dir='ltr'><strong>magnificabatur</strong></span> <span class='ocrx_word' id='word_1_179' title='bbox 1200 1904 1259 1951; x_wconf 91' lang='lat' dir='ltr'><strong>ab</strong></span> <span class='ocrx_word' id='word_1_180' title='bbox 1283 1905 1525 1954; x_wconf 83' lang='lat' dir='ltr'><strong>omnihus,</strong></span> 
     </span>
    </p>

    <p class='ocr_par' dir='ltr' id='par_1_5' title="bbox 137 1979 1565 2437">
     <span class='ocr_line' id='line_1_24' title="bbox 203 1979 1563 2048; baseline 0.003 -21"><span class='ocrx_word' id='word_1_181' title='bbox 203 1979 435 2028; x_wconf 87' lang='lat' dir='ltr'><strong>Nazareth</strong></span> <span class='ocrx_word' id='word_1_182' title='bbox 483 1980 680 2028; x_wconf 87' lang='lat' dir='ltr'><strong>sabbato</strong></span> <span class='ocrx_word' id='word_1_183' title='bbox 728 1982 776 2027; x_wconf 91' lang='lat' dir='ltr'><strong>in</strong></span> <span class='ocrx_word' id='word_1_184' title='bbox 823 1998 1110 2046; x_wconf 79' lang='lat' dir='ltr'><strong>synagogam</strong></span> <span class='ocrx_word' id='word_1_185' title='bbox 1154 1982 1350 2029; x_wconf 89' lang='lat' dir='ltr'><strong>intravit</strong></span> <span class='ocrx_word' id='word_1_186' title='bbox 1387 1984 1460 2048; x_wconf 75' lang='lat'><strong>(4)</strong></span> <span class='ocrx_word' id='word_1_187' title='bbox 1506 1985 1563 2032; x_wconf 89' lang='lat' dir='ltr'><strong>ad</strong></span> 
     </span>
     <span class='ocr_line' id='line_1_25' title="bbox 138 2059 1564 2128; baseline 0.004 -22"><span class='ocrx_word' id='word_1_188' title='bbox 138 2059 414 2125; x_wconf 82' lang='lat' dir='ltr'><strong>legendum;</strong></span> <span class='ocrx_word' id='word_1_189' title='bbox 439 2061 649 2125; x_wconf 89' lang='lat' dir='ltr'><strong>optimus</strong></span> <span class='ocrx_word' id='word_1_190' title='bbox 668 2060 821 2108; x_wconf 89' lang='lat' dir='ltr'><strong>lector</strong></span> <span class='ocrx_word' id='word_1_191' title='bbox 837 2060 1070 2118; x_wconf 88' lang='lat' dir='ltr'><strong>surrexit,</strong></span> <span class='ocrx_word' id='word_1_192' title='bbox 1093 2059 1273 2107; x_wconf 89' lang='lat' dir='ltr'><strong>librum</strong></span> <span class='ocrx_word' id='word_1_193' title='bbox 1292 2063 1420 2110; x_wconf 87' lang='lat' dir='ltr'><strong>lsaiae</strong></span> <span class='ocrx_word' id='word_1_194' title='bbox 1443 2082 1564 2128; x_wconf 89' lang='lat' dir='ltr'><strong>pro-</strong></span> 
     </span>
     <span class='ocr_line' id='line_1_26' title="bbox 137 2137 1564 2209; baseline 0.004 -24"><span class='ocrx_word' id='word_1_195' title='bbox 137 2137 294 2203; x_wconf 89' lang='lat' dir='ltr'><strong>phetae</strong></span> <span class='ocrx_word' id='word_1_196' title='bbox 318 2138 553 2197; x_wconf 83' lang='lat' dir='ltr'><strong>revolvit,</strong></span> <span class='ocrx_word' id='word_1_197' title='bbox 580 2148 628 2186; x_wconf 88' lang='lat' dir='ltr'><strong>et</strong></span> <span class='ocrx_word' id='word_1_198' title='bbox 653 2139 904 2186; x_wconf 89' lang='lat' dir='ltr'><strong>inventum</strong></span> <span class='ocrx_word' id='word_1_199' title='bbox 927 2140 1243 2204; x_wconf 88' lang='lat' dir='ltr'><strong>pronosticon</strong></span> <span class='ocrx_word' id='word_1_200' title='bbox 1268 2140 1383 2207; x_wconf 83' lang='lat' dir='ltr'><strong>legit</strong></span> <span class='ocrx_word' id='word_1_201' title='bbox 1407 2163 1416 2188; x_wconf 91' lang='lat'>:</span> <span class='ocrx_word' id='word_1_202' title='bbox 1447 2142 1564 2209; x_wconf 72' lang='lat' dir='ltr'><strong>Spi-</strong></span> 
     </span>
     <span class='ocr_line' id='line_1_27' title="bbox 140 2217 1565 2283; baseline 0.005 -21"><span class='ocrx_word' id='word_1_203' title='bbox 140 2217 258 2263; x_wconf 80' lang='lat' dir='ltr'><strong>ritus</strong></span> <span class='ocrx_word' id='word_1_204' title='bbox 275 2217 481 2264; x_wconf 80' lang='lat' dir='ltr'><strong>Domini</strong></span> <span class='ocrx_word' id='word_1_205' title='bbox 497 2235 759 2283; x_wconf 76' lang='lat' dir='ltr'><strong>super‚nze‚·</strong></span> <span class='ocrx_word' id='word_1_206' title='bbox 768 2229 975 2283; x_wconf 80' lang='lat' dir='ltr'><strong>propter</strong></span> <span class='ocrx_word' id='word_1_207' title='bbox 989 2218 1124 2283; x_wconf 84' lang='lat' dir='ltr'><strong>quod</strong></span> <span class='ocrx_word' id='word_1_208' title='bbox 1142 2220 1282 2266; x_wconf 68' lang='lat' dir='ltr'><strong>unxit</strong></span> <span class='ocrx_word' id='word_1_209' title='bbox 1299 2238 1400 2276; x_wconf 84' lang='lat' dir='ltr'><strong>me;</strong></span> <span class='ocrx_word' id='word_1_210' title='bbox 1418 2238 1565 2269; x_wconf 67' lang='lat' dir='ltr'><strong>evan-</strong></span> 
     </span>
     <span class='ocr_line' id='line_1_28' title="bbox 137 2294 1565 2363; baseline 0.005 -23"><span class='ocrx_word' id='word_1_211' title='bbox 137 2294 351 2359; x_wconf 80' lang='lat' dir='ltr'><strong>gelizare</strong></span> <span class='ocrx_word' id='word_1_212' title='bbox 370 2295 669 2361; x_wconf 79' lang='lat' dir='ltr'><strong>pauperibus</strong></span> <span class='ocrx_word' id='word_1_213' title='bbox 695 2297 825 2342; x_wconf 78' lang='lat' dir='ltr'><strong>misit</strong></span> <span class='ocrx_word' id='word_1_214' title='bbox 847 2315 922 2343; x_wconf 83' lang='lat' dir='ltr'><strong>me</strong></span> <span class='ocrx_word' id='word_1_215' title='bbox 934 2335 949 2355; x_wconf 82' lang='grc'>,</span> <span class='ocrx_word' id='word_1_216' title='bbox 978 2308 1025 2344; x_wconf 91' lang='lat' dir='ltr'><strong>et</strong></span> <span class='ocrx_word' id='word_1_217' title='bbox 1048 2297 1228 2363; x_wconf 87' lang='lat' dir='ltr'><strong>reliqua</strong></span> <span class='ocrx_word' id='word_1_218' title='bbox 1255 2298 1345 2362; x_wconf 89' lang='lat'>(5).</span> <span class='ocrx_word' id='word_1_219' title='bbox 1371 2301 1433 2346; x_wconf 85' lang='lat' dir='ltr'><strong>Et</strong></span> <span class='ocrx_word' id='word_1_220' title='bbox 1456 2318 1565 2346; x_wconf 91' lang='lat' dir='ltr'><strong>cum</strong></span> 
     </span>
     <span class='ocr_line' id='line_1_29' title="bbox 139 2371 1561 2437; baseline 0.005 -20"><span class='ocrx_word' id='word_1_221' title='bbox 139 2371 381 2435; x_wconf 90' lang='lat' dir='ltr'><strong>plicuisset</strong></span> <span class='ocrx_word' id='word_1_222' title='bbox 399 2371 578 2419; x_wconf 89' lang='lat' dir='ltr'><strong>librum</strong></span> <span class='ocrx_word' id='word_1_223' title='bbox 593 2409 606 2430; x_wconf 92' lang='lat'><strong><em>,</em></strong></span> <span class='ocrx_word' id='word_1_224' title='bbox 623 2373 848 2421; x_wconf 87' lang='lat' dir='ltr'><strong>ministro</strong></span> <span class='ocrx_word' id='word_1_225' title='bbox 866 2373 1072 2422; x_wconf 86' lang='lat' dir='ltr'><strong>reddidit</strong></span> <span class='ocrx_word' id='word_1_226' title='bbox 1090 2411 1103 2432; x_wconf 90' lang='lat'><em>‚</em></span> <span class='ocrx_word' id='word_1_227' title='bbox 1122 2376 1296 2424; x_wconf 88' lang='lat' dir='ltr'><strong>resedit</strong></span> <span class='ocrx_word' id='word_1_228' title='bbox 1311 2412 1326 2437; x_wconf 89' lang='lat'><strong><em>,</em></strong></span> <span class='ocrx_word' id='word_1_229' title='bbox 1344 2388 1390 2424; x_wconf 92' lang='lat' dir='ltr'><strong>et</strong></span> <span class='ocrx_word' id='word_1_230' title='bbox 1411 2377 1532 2424; x_wconf 83' lang='lat' dir='ltr'><strong>dixit</strong></span> <span class='ocrx_word' id='word_1_231' title='bbox 1554 2398 1561 2424; x_wconf 91' lang='lat'>:</span> 
     </span>
    </p>
   </div>
   <div class='ocr_carea' id='block_1_2' title="bbox 143 2576 1562 2741">
    <p class='ocr_par' dir='ltr' id='par_1_6' title="bbox 143 2576 1562 2741">
     <span class='ocr_line' id='line_1_30' title="bbox 187 2576 1562 2627; baseline 0.004 -17"><span class='ocrx_word' id='word_1_232' title='bbox 187 2578 237 2621; x_wconf 87' lang='grc' dir='ltr'><strong>(ι)</strong></span> <span class='ocrx_word' id='word_1_233' title='bbox 254 2576 384 2611; x_wconf 85' lang='lat' dir='ltr'><strong>Joann.</strong></span> <span class='ocrx_word' id='word_1_234' title='bbox 408 2589 465 2618; x_wconf 82' lang='grc' dir='ltr'>ιιι,</span> <span class='ocrx_word' id='word_1_235' title='bbox 493 2588 647 2611; x_wconf 74' lang='lat'>1-21.—</span> <span class='ocrx_word' id='word_1_236' title='bbox 667 2579 717 2623; x_wconf 74' lang='lat'><strong>(2)</strong></span> <span class='ocrx_word' id='word_1_237' title='bbox 734 2579 863 2613; x_wconf 83' lang='lat' dir='ltr'><strong>Joann.</strong></span> <span class='ocrx_word' id='word_1_238' title='bbox 885 2591 948 2622; x_wconf 86' lang='grc' dir='ltr'>ιιι,</span> <span class='ocrx_word' id='word_1_239' title='bbox 977 2578 1106 2622; x_wconf 70' lang='lat'><strong>22-237.</strong></span> <span class='ocrx_word' id='word_1_240' title='bbox 1131 2592 1177 2623; x_wconf 83' lang='lat' dir='ltr'><strong>iv,</strong></span> <span class='ocrx_word' id='word_1_241' title='bbox 1204 2583 1276 2623; x_wconf 76' lang='grc' dir='ltr'>ι-4.</span> <span class='ocrx_word' id='word_1_242' title='bbox 1304 2602 1345 2606; x_wconf 86' lang='grc'>-</span> <span class='ocrx_word' id='word_1_243' title='bbox 1366 2579 1416 2627; x_wconf 82' lang='lat'><strong>(3)</strong></span> <span class='ocrx_word' id='word_1_244' title='bbox 1433 2582 1562 2616; x_wconf 83' lang='lat' dir='ltr'><strong>Joann.</strong></span> 
     </span>
     <span class='ocr_line' id='line_1_31' title="bbox 143 2633 1562 2682; baseline 0.003 -14"><span class='ocrx_word' id='word_1_245' title='bbox 143 2646 191 2678; x_wconf 79' lang='lat' dir='ltr'><strong>iv,</strong></span> <span class='ocrx_word' id='word_1_246' title='bbox 211 2633 312 2678; x_wconf 73' lang='lat'><strong>5-42.</strong></span> <span class='ocrx_word' id='word_1_247' title='bbox 328 2637 438 2680; x_wconf 68' lang='lat'><strong>-(4)</strong></span> <span class='ocrx_word' id='word_1_248' title='bbox 459 2636 590 2671; x_wconf 82' lang='lat' dir='ltr'><strong>Matth.</strong></span> <span class='ocrx_word' id='word_1_249' title='bbox 613 2648 660 2679; x_wconf 83' lang='grc' dir='ltr'><strong>ιν,</strong></span> <span class='ocrx_word' id='word_1_250' title='bbox 687 2648 745 2675; x_wconf 70' lang='lat'><strong>12:</strong></span> <span class='ocrx_word' id='word_1_251' title='bbox 766 2638 877 2672; x_wconf 74' lang='lat' dir='ltr'><strong>Marc.</strong></span> <span class='ocrx_word' id='word_1_252' title='bbox 907 2651 936 2682; x_wconf 79' lang='grc' dir='ltr'><strong>ι,</strong></span> <span class='ocrx_word' id='word_1_253' title='bbox 964 2641 1022 2680; x_wconf 66' lang='lat'><strong>¹43</strong></span> <span class='ocrx_word' id='word_1_254' title='bbox 1041 2640 1127 2673; x_wconf 83' lang='lat' dir='ltr'><strong>Luc.</strong></span> <span class='ocrx_word' id='word_1_255' title='bbox 1148 2651 1193 2678; x_wconf 75' lang='lat' dir='ltr'><strong>iv,</strong></span> <span class='ocrx_word' id='word_1_256' title='bbox 1221 2643 1320 2681; x_wconf 66' lang='lat'>14-21</span> <span class='ocrx_word' id='word_1_257' title='bbox 1341 2656 1349 2679; x_wconf 65' lang='grc' dir='ltr'><strong>ς</strong></span> <span class='ocrx_word' id='word_1_258' title='bbox 1367 2641 1494 2676; x_wconf 87' lang='lat' dir='ltr'><strong>Joann.</strong></span> <span class='ocrx_word' id='word_1_259' title='bbox 1517 2653 1562 2677; x_wconf 69' lang='lat' dir='ltr'><strong>iv,</strong></span> 
     </span>
     <span class='ocr_line' id='line_1_32' title="bbox 146 2694 647 2741; baseline 0.004 -11"><span class='ocrx_word' id='word_1_260' title='bbox 146 2694 266 2738; x_wconf 71' lang='grc'>43-45.</span> <span class='ocrx_word' id='word_1_261' title='bbox 285 2696 396 2741; x_wconf 83' lang='grc'><strong><em>-(5”)</em></strong></span> <span class='ocrx_word' id='word_1_262' title='bbox 415 2698 495 2731; x_wconf 82' lang='lat' dir='ltr'><strong>lsai.</strong></span> <span class='ocrx_word' id='word_1_263' title='bbox 519 2709 569 2731; x_wconf 68' lang='lat' dir='ltr'><strong>ixi</strong></span> <span class='ocrx_word' id='word_1_264' title='bbox 584 2727 592 2739; x_wconf 75' lang='lat'><strong><em>,</em></strong></span> <span class='ocrx_word' id='word_1_265' title='bbox 621 2711 647 2732; x_wconf 85' lang='lat'><strong>1.</strong></span> 
     </span>
    </p>
   </div>
  </div>
 </body>
</html>
