1738 3043
536 228 692 270 LIBER
720 228 1003 268 SECUNDUS.
1404 232 1478 269 251

58 312 324 378 Alioquin,
354 312 523 360 sciatis
550 329 636 358 vos
651 308 781 375 falli
808 328 841 357 a
872 309 1087 357 Simone.
1126 309 1336 375 Populus
1369 327 1488 358 vero

58 407 152 438 una
175 406 292 438 voce
314 388 537 436 clamavit
570 408 580 435 :
607 388 723 435 Nisi
752 386 845 434 lzoc
869 387 1040 435 Simon
1050 385 1253 451 fecerit,
1284 405 1487 454 poenam

54 469 278 534 patiatur
311 485 460 532 quam
495 467 643 514 Petro
683 465 931 530 imposuit.
981 465 1149 512 Simon
1189 475 1349 512 autem
1391 464 1489 512 fin-

57 563 173 611 gens
197 564 246 595 se
274 546 449 592 iratum
467 581 480 602 ,
509 545 673 610 fugere
700 543 858 608 petiit.
886 541 977 590 Sed
1004 543 1210 607 populus
1236 561 1346 592 eum
1379 560 1491 590 cum

59 623 242 688 ingenti
262 621 635 688 exprobratione
659 620 834 669 tenuit.
861 621 1002 667 Tunc
1027 621 1196 667 Petrus
1219 620 1492 685 expandens

57 719 225 750 manus
249 720 352 749 suas
375 701 433 749 ad
458 700 664 758 coelum,
697 699 821 748 dixit
854 719 866 746 ε
893 699 1106 746 Domine
1125 699 1244 746 Jeszt
1272 699 1487 757 Christe,

59 783 141 844 qui
178 779 318 827 nobis
358 779 615 845 discipulis
657 779 754 825 tuis
798 777 977 824 dixisti
1011 795 1025 823 .·
1063 777 1168 835 Ite,
1212 777 1262 823 in
1301 777 1495 823 nomine

60 875 162 905 meo
190 857 439 904 doemonia
467 858 657 923 ejicite,
685 855 901 921 infirmos
927 866 1094 904 curate
1107 893 1124 914 ,
1147 867 1354 901 mortuos
1378 873 1492 901 sas-

60 937 236 995 citate,
278 937 443 984 excita
476 954 684 1003 puerum
718 938 889 994 istum,
929 946 979 982 ιιι
1016 934 1171 981 omnis
1209 933 1318 981 hoec
1354 933 1495 980 turba

59 1026 301 1079 agnoscat
334 1016 450 1080 quia
485 1026 536 1061 ta
566 1032 617 1062 es
654 1015 818 1072 Deus,
850 1024 895 1060 et
928 1030 1026 1061 non
1059 1023 1130 1060 est
1159 1012 1290 1060 alius
1318 1023 1500 1079 proeter

60 1103 128 1149 te,
162 1093 250 1157 qui
270 1110 380 1140 cum
414 1093 568 1140 Patre
596 1103 642 1140 et
673 1092 861 1159 Spiritu
887 1091 1069 1139 Sancto
1092 1092 1216 1140 vivis
1244 1102 1289 1137 et
1318 1108 1496 1156 regnas

62 1172 114 1217 in
137 1170 324 1218 saecula
344 1170 662 1227 sceculorum,
691 1187 852 1218 amen.
875 1171 999 1217 Puer
1018 1179 1177 1216 autem
1197 1168 1465 1216 exsurrexit
1479 1203 1493 1225 ,

61 1258 109 1296 et
149 1248 354 1296 adorans
396 1249 592 1296 Petrum
632 1248 756 1295 dixit
798 1268 809 1294 :
859 1247 980 1295 Vidi
1020 1247 1290 1294 Dominum
1329 1246 1496 1293 Jesum

64 1326 307 1374 Christum
330 1326 583 1393 jubentem
613 1327 804 1392 angelis
840 1337 885 1374 et
923 1325 1164 1374 dicentem
1201 1343 1214 1372 .·
1250 1324 1339 1372 Ad
1362 1326 1496 1391 peti-

63 1405 240 1452 tionem
277 1406 431 1452 amici
470 1406 567 1452 mei
602 1406 740 1452 Petri
771 1406 1052 1452 restituatur
1086 1402 1333 1469 orphanus
1377 1403 1497 1449 uni-

62 1500 149 1531 cus
181 1483 348 1531 vidaae
377 1486 526 1531 matri
555 1501 675 1531 sace.
711 1483 899 1548 Populo
928 1492 1088 1530 autem
1121 1499 1216 1529 una
1248 1498 1366 1529 voce
1397 1480 1496 1527 cla—

63 1571 227 1609 mante
246 1581 258 1608 :
282 1561 417 1609 Unus
434 1573 504 1609 est
523 1562 675 1620 Deus,
695 1579 836 1627 quem
846 1559 1100 1628 praedicat
1111 1561 1304 1618 Petrus,
1327 1558 1497 1605 Simon

66 1638 424 1704 transfiguravit
465 1656 512 1686 se
557 1639 608 1685 in
657 1639 833 1687 canino
879 1637 1070 1703 capite,
1121 1648 1168 1684 et
1214 1635 1367 1701 coepit
1414 1634 1499 1681 fu—

63 1735 192 1783 gere.
216 1719 400 1778 Porro,
427 1717 566 1783 plebe
591 1718 728 1764 illum
750 1718 1020 1775 retinente,
1049 1726 1098 1764 et
1123 1716 1174 1763 in
1204 1715 1364 1780 ignem
1387 1715 1500 1760 mit—

65 1807 165 1843 tere
195 1796 388 1844 volente
406 1831 422 1854 ,
455 1796 624 1842 Petrus
650 1796 700 1842 in
732 1795 946 1843 medium
978 1812 1026 1842 se
1056 1794 1217 1850 misit,
1246 1793 1501 1857 ipsumque

65 1872 304 1921 liberavit.
354 1875 628 1938 lVIagister,
678 1873 874 1938 inquit,
917 1882 1082 1920 noster
1117 1888 1202 1917 nos
1241 1870 1406 1916 docuit
1450 1879 1501 1915 ut

58 1970 154 2018 pro
174 1952 318 2000 malis
347 1951 476 1999 bona
498 1951 781 1998 reddamus.
804 1950 1022 1998 Evadens
1048 1950 1207 2014 itaque
1225 1948 1391 1995 Simon
1407 1982 1420 2004 ,
1442 1945 1501 1992 ad

67 2031 345 2078 Marcellum
365 2066 378 2088 ‚
406 2048 551 2096 quem
569 2029 858 2094 jampridem
888 2029 1166 2084 seduxerat,
1204 2027 1366 2082 venit3
1408 2025 1502 2071 im-

64 2126 353 2174 manemque
386 2126 576 2165 canem,
611 2126 754 2174 quem
787 2108 866 2155 vix
895 2108 1049 2155 ferrea
1084 2117 1246 2153 catena
1281 2105 1500 2151 vinctum

67 2188 289 2246 tenebat,
324 2188 373 2235 in
407 2188 620 2253 ingressu
653 2187 833 2253 ligavit.
876 2187 933 2234 V
929 2187 1152 2234 ideamus
1161 2223 1178 2244 ,
1221 2183 1413 2248 inquit,
1454 2182 1502 2228 si

65 2269 261 2326 Petrus,
292 2269 374 2332 qui
404 2267 574 2314 solitas
604 2278 673 2313 est
700 2267 863 2313 venire
893 2266 966 2312 ad
988 2276 1060 2322 te,
1085 2264 1262 2331 poterit
1285 2260 1497 2326 ingredi.

66 2345 251 2394 Deinde
290 2355 401 2410 post
445 2363 591 2392 unam
639 2345 808 2394 horam
853 2346 1022 2393 Petrus
1066 2343 1232 2399 venit,
1274 2340 1500 2405 factoque

68 2425 221 2472 crucis
251 2425 388 2490 signo
407 2460 420 2481 ‚
451 2441 618 2471 canem
645 2423 859 2481 solvens,
887 2425 953 2469 ait
990 2443 1001 2469 ε
1043 2420 1190 2469 Vade
1227 2431 1271 2467 et
1305 2419 1498 2483 loquere

71 2501 264 2549 Simoni
293 2521 306 2549 .·
335 2502 516 2548 Desine
540 2502 802 2548 ministerio
833 2501 1112 2547 daemonum
1146 2497 1370 2563 decipere
1398 2513 1500 2560 po-

64 2579 264 2644 pulum,
305 2599 394 2646 pro
437 2598 532 2645 qao
579 2579 797 2627 Christus
823 2579 971 2642 ficdit
1010 2579 1299 2642 sanguinem
1338 2592 1495 2621 suum.

74 2658 321 2707 Marcellus
357 2670 516 2707 autem
551 2670 676 2706 tanta
719 2658 953 2705 mirabilia
983 2658 1172 2711 videns,
1213 2655 1269 2702 :ul
1303 2655 1498 2699 Petrum

72 2737 312 2791 cucurrit,
352 2749 397 2784 vt
428 2737 626 2800 genibus
654 2739 749 2800 ejus
789 2736 1104 2800 provolutus,
1148 2736 1194 2781 in
1232 2733 1376 2780 domo
1418 2747 1497 2775 sun
