1738 3043
675 192 830 232 LIBER
859 192 1144 233 SECUNDUS.
1548 195 1627 235 4551

197 269 450 319 Lotharius
470 272 709 336 Augustus
735 272 1009 336 Drogonem
1024 308 1037 329 ‚
1060 269 1469 336 archiepiscopum
1492 273 1626 320 Met—

198 359 399 408 tensem‚
417 360 464 397 et
480 350 779 398 Ludovicum
797 349 951 397 filium
965 368 1127 409 suum,
1145 368 1255 397 cum
1271 351 1435 398 multis
1448 352 1627 417 episco-

195 428 267 492 pis
299 438 347 474 et
378 426 631 475 abbatibus
662 438 804 492 atque
837 427 1095 477 comitibus
1120 429 1323 477 Romam
1355 430 1503 477 misit.
1531 429 1624 491 Qui

194 506 369 554 multas
399 517 574 573 strages
602 524 688 571 per
711 504 853 554 urbes
882 517 929 554 et
953 525 1092 572 agros
1123 508 1170 554 in
1200 508 1272 554 via
1301 508 1543 566 fecerunt,
1577 518 1625 556 et

196 584 439 650 indigenas
463 585 662 632 colonos
686 584 934 649 tyrannica
960 585 1240 633 crudelitate
1262 587 1545 650 perterritos
1569 585 1626 632 ad

195 661 397 710 latebras
417 663 676 727 confugere
698 673 976 728 coegerunt.
1002 663 1217 724 Quadam
1242 665 1401 730 itaque
1423 664 1499 712 ‹lie
1523 675 1622 711 atra

192 741 397 788 densitas
422 739 626 787 nubium
644 739 767 788 facta
787 752 882 798 est,
910 752 957 788 ct
981 741 1176 807 quidam
1196 743 1422 807 primates
1443 745 1626 808 Drogo-

192 819 266 866 nis
280 819 484 866 fulmine
496 820 702 884 percussi
719 820 987 885 perierunt.
1007 821 1276 869 Ludovicus
1292 840 1408 869 vero
1423 823 1622 870 Romam

191 897 324 945 venit
340 933 355 954 ‚
394 907 443 945 et
481 886 672 963 Sergfus
719 916 838 964 papa
884 898 993 947 oleo
1033 910 1200 948 sancto
1244 918 1354 948 eum
1397 901 1627 966 perunxit

190 985 240 1024 et
270 994 430 1043 regem
464 975 891 1043 Langobardorum
927 980 1239 1027 consecravit.
1280 980 1469 1046 Sergius
1506 999 1623 1046 papa

192 1071 315 1102 xxm
341 1056 588 1121 episcopos
615 1056 882 1114 ordinavit,
909 1056 1119 1104 abbatias
1144 1058 1304 1122 plures
1331 1070 1378 1106 et
1409 1058 1625 1106 ecclesias

191 1132 426 1181 condidit.
453 1133 527 1181 Ad
547 1133 742 1182 beatum
765 1138 958 1183 Petrum
989 1136 1262 1201 apostolum
1288 1136 1500 1200 sepultus
1524 1146 1620 1193 est,

190 1221 240 1258 et
262 1211 458 1259 cessavit
482 1212 781 1278 episcopatus
802 1211 1045 1261 mensibus
1071 1231 1104 1261 11
1125 1213 1291 1262 diebus
1314 1231 1376 1260 xv
1392 1215 1479 1278 (1).

255 1291 354 1339 Leo
385 1291 629 1339 Romanus
646 1329 658 1353 ,
686 1309 744 1340 ex
766 1302 902 1358 patre
930 1291 1202 1350 Radualdo‚
1229 1292 1349 1340 sedit
1371 1293 1509 1340 annis
1533 1309 1622 1339 vm

190 1369 435 1418 mensibus
460 1388 514 1419 111
537 1369 705 1419 diebus
728 1388 795 1419 vi.
826 1372 914 1418 Hic
947 1371 1381 1420 innumerabilibus
1405 1371 1547 1420 bonis
1571 1382 1626 1418 ut

190 1448 261 1496 sol
295 1449 344 1496 in
369 1449 553 1497 mundo
581 1450 802 1507 emicuit,
835 1461 883 1497 et
912 1450 959 1496 in
989 1449 1202 1497 aedificiis
1229 1460 1278 1498 et
1302 1450 1623 1505 ornamentis,

188 1526 389 1593 aliisque
410 1527 610 1575 utilibus
629 1527 798 1574 studiis
816 1527 1043 1575 Ecclesiae
1058 1528 1145 1575 Dei
1165 1527 1499 1592 multipliciter
1513 1543 1626 1591 pro-

189 1604 303 1652 fuit.
334 1607 448 1653 Post
473 1617 681 1654 mortem
701 1606 850 1672 Sergii
878 1624 1011 1671 papae
1027 1642 1039 1663 ,
1064 1624 1177 1655 mox
1198 1606 1443 1654 Sarraceni
1470 1604 1626 1652 basili-

191 1701 265 1730 cas
299 1684 630 1749 apostolorum
662 1685 790 1733 Petri
823 1696 870 1732 et
903 1685 1036 1731 Pauli
1069 1683 1331 1750 depraedati
1365 1694 1495 1731 sunt.
1534 1684 1624 1731 Sed

190 1760 305 1807 dum
332 1761 389 1807 ad
419 1760 631 1807 Africam
667 1762 856 1827 navigio
889 1761 1045 1810 redire
1075 1762 1280 1817 vellent,
1314 1761 1538 1826 procellis
1573 1761 1620 1806 in

190 1838 310 1884 mari
336 1837 602 1903 perierunt.
628 1839 768 1886 Tunc
787 1849 928 1887 terrae
947 1849 1106 1887 motus
1130 1840 1178 1887 in
1205 1838 1324 1886 urbe
1344 1839 1495 1886 Roma
1520 1837 1625 1885 talis

190 1915 343 1963 factus
377 1927 476 1973 est,
513 1926 567 1963 ut
597 1917 760 1964 omnia
793 1917 1028 1966 elementa
1063 1935 1289 1966 concussa
1325 1917 1620 1964 viderentur.

190 1997 287 2044 Leo
300 2013 418 2061 papa
437 1994 692 2061 prohibuit
706 1996 849 2044 laicos
863 1996 920 2044 ad
936 1997 1099 2045 missas
1117 1998 1165 2044 in
1185 1995 1486 2062 presbyterio
1505 2012 1619 2041 esse.

190 2075 245 2121 ln
270 2075 430 2139 primo
459 2085 656 2140 papatus
689 2075 759 2122 sui
783 2093 913 2124 anno
937 2074 1209 2123 basiliscum
1234 2075 1416 2122 meritis
1441 2083 1488 2121 et
1510 2090 1624 2138 pre-

191 2151 324 2200 cibus
341 2154 436 2200 suis
455 2154 703 2219 effugavit,
727 2155 810 2220 qui
832 2154 880 2201 in
903 2155 1036 2203 tetris
1056 2155 1269 2203 cavernis
1287 2154 1453 2201 Romae
1474 2151 1623 2198 latens

192 2230 308 2278 ssatu
338 2248 426 2279 suo
460 2232 639 2280 multos
667 2232 951 2298 perimebat.
986 2233 1210 2282 Validum
1240 2248 1432 2297 quoque
1463 2231 1622 2294 ignem

236 2476 288 2522 (1)
312 2476 474 2521 (Jam-ier
490 2487 538 2511 ou
558 2475 690 2512 sevrier
708 2477 843 2526 844-27
857 2477 999 2524 janvier
1017 2478 1116 2525 847.)
1135 2475 1327 2511 L'election
1345 2474 1389 2508 dc
1413 2473 1561 2520 Sergius
1587 2472 1618 2506 ll

191 2535 319 2571 n'etait
337 2547 398 2583 pas
417 2548 550 2571 encore
564 2540 797 2573 consommee
809 2566 818 2578 ,
839 2537 987 2585 lorsque
1003 2536 1036 2571 le
1055 2536 1178 2570 diacre
1196 2537 1285 2570 Jean
1303 2533 1450 2568 envahit
1467 2532 1498 2566 lc
1513 2531 1623 2578 palai<

191 2594 308 2642 papal.
330 2596 439 2631 Louis
457 2596 512 2640 II,
534 2596 589 2632 fils
612 2596 659 2632 de
683 2597 876 2637 Lothaire,
903 2597 1020 2631 arn-iva
1044 2597 1064 2629 a
1091 2595 1208 2630 Rome
1225 2594 1258 2629 le
1277 2591 1475 2628 dimancbe
1493 2592 1513 2626 8
1535 2591 1617 2636 juin

191 2653 282 2695 844,
301 2660 338 2688 et
362 2654 419 2690 sut
439 2657 628 2691 couronne
651 2668 717 2703 par
739 2656 911 2702 Sergius,
933 2653 966 2690 le
990 2653 1029 2689 15
1049 2653 1098 2688 1111
1120 2654 1239 2689 nieme
1258 2653 1368 2691 mois,
1395 2662 1537 2685 comme
1564 2650 1616 2684 roi

192 2712 238 2747 de
256 2713 485 2750 Lombardic.
