1738 3043
569 247 725 287 LIBER
751 247 1032 288 SECUNDUS.
1439 255 1517 292 353

88 328 292 393 apostoli
321 328 503 375 meritis
538 328 684 375 multa
717 329 793 393 pie
824 328 1132 393 poscentibus
1171 331 1518 395 impenduntur

90 404 317 453 beneficia
336 441 350 462 ‚
377 422 587 470 quorum
616 405 758 452 etiam
785 423 872 453 nos
898 407 1151 471 participes
1175 408 1316 455 faciat
1340 409 1517 458 exube*

90 500 199 531 rans
222 484 306 531 Dei
343 485 496 531 nostri
527 487 705 549 gratia,
740 501 849 549 quae
887 484 1248 550 infatigabiliter
1271 499 1516 552 operatur,

89 562 279 628 suisque
296 598 309 621 ‚
337 580 459 629 quos
487 561 545 609 ad
567 563 715 609 vitam
741 562 1124 626 praedestinavit,
1153 565 1400 614 efficaciter
1423 568 1520 614 suf-

87 638 304 705 fragatur
323 658 410 705 per
434 650 603 687 cuncta
627 638 814 686 saecula.
841 640 994 687 Amen
1025 641 1116 703 (1).

153 718 267 767 XV.
305 719 494 766 Marcus
518 718 820 784 Evangelista
837 754 850 776 ‚
880 717 1005 765 beati
1030 719 1158 766 Petri
1192 722 1393 786 apostoli
1419 723 1518 770 dis-

88 797 272 862 cipulus
297 807 344 845 et
365 798 600 861 interpres
627 806 674 844 et
699 797 747 843 in
768 796 1051 862 baptismate
1071 797 1198 844 filius
1223 798 1340 856 fuit,
1369 801 1521 848 Emu-

85 875 361 942 geliumque
402 875 598 922 Domini
639 874 791 922 nostri
832 875 944 921 Jesu
985 874 1162 922 Christi
1203 877 1300 940 ejus
1339 876 1397 923 ab
1435 896 1520 926 ore

85 953 292 1019 scripsit.
324 953 446 1015 Qui,
475 954 598 1000 sicut
615 951 790 1009 fertur,
817 951 1041 1016 pollicem
1062 950 1151 998 sibi
1176 952 1353 1000 abscidi
1373 955 1513 1013 fecit,

85 1041 141 1079 ut
168 1031 434 1079 sacerdotio
458 1029 693 1095 reprobus
721 1028 993 1087 haberetur,
1024 1048 1110 1078 nec
1137 1041 1295 1079 tamen
1319 1032 1378 1079 ab
1404 1051 1518 1099 apo-

85 1109 220 1157 stolis
260 1109 535 1174 repudiatus
551 1145 564 1166 ‚
609 1109 729 1174 quin
773 1125 943 1156 eorum
982 1108 1217 1157 electione
1268 1112 1518 1177 episeopus

84 1187 387 1237 Alexandriae
422 1187 768 1253 praeficeretur.
810 1188 951 1234 Hunc
984 1186 1150 1235 beatus
1174 1190 1369 1248 Petrus,
1408 1209 1518 1238 cum

87 1266 136 1312 in
163 1265 284 1313 urbe
308 1266 460 1313 Roma
489 1275 633 1323 esset,
655 1265 867 1321 vocavit,
900 1275 948 1312 et
977 1265 1026 1312 in
1050 1266 1234 1313 Italiam
1262 1268 1317 1314 ad
1347 1268 1520 1333 praedi-

85 1344 292 1391 candum
311 1343 534 1410 gentibus
555 1343 811 1391 destinavit
835 1364 844 1389 :
874 1343 1012 1408 Quid
1028 1343 1132 1403 hic,
1159 1346 1340 1412 inquit,
1364 1346 1520 1394 nobis-

83 1441 190 1470 cum
213 1422 457 1471 moraris?
477 1424 613 1470 Ecce
646 1422 707 1469 de
735 1422 958 1470 omnibus
984 1427 1229 1488 qucejeez'c
1249 1425 1392 1472 Jesus
1409 1426 1519 1474 Na-

84 1519 288 1549 zarenus
338 1501 554 1548 eruditus
593 1518 658 1547 es.
711 1500 872 1566 Surge
910 1513 954 1548 et
1003 1503 1288 1567 Aquileiam
1327 1522 1482 1570 perge
1501 1542 1515 1562 ,

83 1579 246 1645 ibique
269 1578 475 1647 populis
510 1578 747 1644 dogmata
781 1597 909 1625 verce
939 1579 1110 1626 salutis
1142 1599 1340 1646 sparge.
1379 1583 1518 1628 Tune

82 1657 271 1704 Marcus
311 1657 518 1722 primam
567 1666 747 1703 sortem
792 1656 1150 1721 praedicationis
1197 1670 1244 1706 et
1290 1658 1517 1706 baculum

83 1735 390 1800 pontificatus
411 1735 618 1800 aceepit,
643 1735 915 1798 injunctum
939 1735 1031 1782 iter
1049 1737 1281 1801 arripuit,
1304 1749 1351 1785 et
1371 1738 1518 1803 Aqui-

82 1814 248 1870 leiam,
279 1831 384 1878 quae
409 1830 467 1860 ex
496 1811 767 1859 civitatibus
792 1812 942 1859 ltaliae
967 1814 1118 1876 prima
1144 1825 1237 1871 est,
1265 1815 1414 1861 venit.
1442 1816 1513 1861 lbi

82 1890 337 1957 quemdam
356 1892 580 1955 juvenem
606 1889 874 1953 leprosum,
903 1891 1101 1937 nomine
1128 1891 1400 1949 Amulium,
1426 1893 1514 1940 Ul-

83 1969 167 2017 fini
189 1968 386 2015 illustris
407 1978 453 2015 et
472 1967 616 2032 primi
637 1967 841 2013 civitatis
858 1967 1030 2026 filium,
1056 1969 1256 2027 invenit,
1282 1988 1391 2016 cum
1415 1990 1515 2036 quo

83 2047 270 2094 locutus
302 2062 499 2092 manum
532 2046 630 2108 ejus
663 2054 709 2091 et
746 2042 996 2091 brachium
1029 2045 1361 2110 apprehendit.
1401 2049 1514 2096 Mox

83 2126 212 2191 lepra
230 2125 289 2172 de
307 2141 453 2171 manu
471 2125 567 2188 ejus
584 2133 632 2171 et
651 2121 848 2170 brachio
869 2124 1095 2171 mundata
1117 2135 1202 2172 est.
1226 2126 1329 2172 Hoc
1347 2126 1512 2173 videns

74 2205 264 2269 juvenis
279 2240 293 2261 ‚
315 2203 453 2250 citius
471 2202 528 2248 ad
546 2213 732 2267 patrem
753 2203 991 2259 cucurrit,
1015 2213 1061 2249 et
1086 2204 1246 2251 omnia
1267 2222 1376 2269 quae
1396 2206 1514 2252 Mar-

82 2300 164 2330 cus
178 2283 218 2331 ei
239 2282 425 2330 fecisset
445 2281 580 2328 laetus
600 2282 856 2328 enarraxit.
878 2280 1068 2328 Ullinus
1086 2300 1198 2347 ergo
1217 2300 1326 2330 cum
1344 2302 1511 2350 magna

84 2361 224 2409 turba
252 2361 448 2408 celerius
480 2360 634 2416 venit,
667 2371 715 2407 et
746 2360 964 2407 Marcum
987 2360 1276 2408 residentem
1300 2361 1358 2408 ad
1391 2380 1511 2428 por—

83 2451 179 2487 tam
215 2438 568 2488 Occidentalem
605 2439 791 2485 invenit
804 2468 836 2495 ,x
852 2456 1057 2505 eumque
1097 2451 1149 2486 ut
1183 2440 1338 2487 filium
1370 2459 1510 2488 suum

125 2590 179 2636 (ι)
203 2590 309 2626 Cette
328 2589 482 2625 histoire
505 2587 550 2622 de
570 2588 663 2623 saint
684 2587 847 2623 Barnabe
865 2595 919 2624 est
938 2589 1046 2632 tiri-e,
1069 2589 1153 2625 saus
1171 2590 1348 2639 quelques
1372 2592 1509 2638 legi-res

82 2649 283 2693 variantes,
303 2648 366 2684 des
391 2655 486 2683 actes
509 2648 681 2695 supposes
704 2647 814 2682 ecrits
834 2658 916 2682 sous
941 2646 973 2682 le
997 2660 1082 2683 nom
1108 2647 1154 2683 de
1179 2650 1268 2684 Jean
1296 2651 1414 2692 Marc,
1445 2662 1509 2685 sou

82 2706 256 2755 disciple,
275 2714 312 2743 et
329 2708 393 2756 qui
412 2719 458 2742 ne
483 2707 656 2742 mei-itent
679 2718 820 2741 aucune
847 2706 1044 2743 constance.
1067 2706 1128 2742 On
1155 2707 1205 2743 les
1233 2716 1398 2743 trouvera
1420 2708 1509 2743 (lans

83 2767 117 2801 le
137 2766 273 2803 recueil
293 2767 356 2803 des
374 2765 633 2810 Bollandistes‚
654 2773 679 2801 t.
706 2778 727 2800 n
749 2765 793 2801 dc
811 2766 902 2811 juin.
1162 2813 1164 2816 y

182 2839 214 2871 1.
1257 2841 1311 2869 21)
