1738 3043
4 2810 11 2864 ε

4 2867 9 2946 ἔ

539 299 696 340 LIBER
724 299 1007 341 SECUNDUS.
1420 306 1500 345 307

65 378 259 427 Christo
273 378 663 444 praedicationem
677 415 691 437 ,
712 391 759 427 et
779 379 1067 430 laboriosam
1086 399 1236 448 usque
1253 383 1311 431 ad
1329 400 1501 450 peren-

66 459 141 505 nis
170 458 283 505 vitae
312 456 534 505 bravium
561 458 845 524 passionem.

134 537 344 585 Thomas
368 538 605 603 Didymus
634 554 743 583 cum
775 537 901 602 apud
930 537 1191 586 Caesaream
1216 550 1360 599 esset,
1396 542 1504 590 Do-

66 617 227 664 minus
261 617 394 664 Jesus
424 615 642 663 Christus
669 616 710 663 ei
737 616 988 681 apparuit,
1025 617 1276 684 ipsumque
1311 619 1502 669 Abbani

65 695 331 760 praeposito
349 693 618 742 Gundafori
645 694 769 759 regis
793 693 1026 742 Indorum
1053 697 1436 757 commendavit,
1459 709 1507 748 et

69 790 180 818 cum
205 790 261 819 eo
278 809 292 829 ,
329 781 383 818 ut
408 788 612 819 romano
644 788 789 836 opere
816 772 1046 837 palatium
1077 774 1176 839 regi
1212 773 1469 824 fabricaret
1489 813 1503 835 ‚

71 852 119 898 in
147 851 330 898 Indiam
352 851 499 897 misit.
523 849 871 917 Navigantibus
893 851 985 898 illis
1003 868 1089 916 per
1110 870 1267 910 mare,
1299 853 1508 902 Thomas

68 929 127 976 de
157 929 273 975 artis
304 945 401 975 suae
437 928 635 975 scientia
670 928 821 975 multa
858 930 1060 995 mystice
1098 929 1286 978 locutus
1326 943 1422 990 est,
1464 942 1512 979 et

68 1006 284 1054 miranda
306 1024 450 1072 opera
480 1007 526 1053 in
547 1025 790 1056 marmore
815 1018 862 1056 et
880 1009 1014 1074 ligno
1040 1009 1088 1056 in
1110 1010 1245 1056 omni
1269 1021 1510 1058 structura

69 1104 116 1134 se
141 1085 384 1133 facturum
407 1086 651 1151 pollicitus
672 1096 758 1135 est.
785 1087 1003 1152 Septimo
1034 1098 1194 1136 autem
1218 1087 1294 1137 die
1313 1089 1513 1138 Andro-

69 1164 291 1229 nopolim
312 1165 330 1227 (
341 1165 380 1226 ι)
398 1181 626 1230 prospere
645 1175 909 1226 venerunt,
928 1176 976 1213 et
988 1176 1043 1213 ut
1061 1165 1119 1213 de
1137 1167 1245 1213 navi
1264 1166 1514 1216 descende-

70 1254 189 1290 runt
201 1279 213 1300 ‚
232 1260 371 1290 voces
390 1244 689 1290 cantantium
710 1244 759 1290 in
775 1245 966 1309 organis
981 1255 1029 1291 et
1046 1243 1176 1291 tibiis
1189 1281 1202 1303 ‚
1223 1244 1513 1312 citharisque

69 1321 342 1368 audierunt.
372 1320 574 1385 Nuptias
601 1321 834 1368 nimirum
868 1340 952 1368 rex
978 1323 1182 1369 civitatis
1213 1321 1509 1382 celebrabat,

71 1401 121 1447 in
156 1398 334 1466 quibus
374 1399 609 1464 Pelagiam
645 1399 793 1446 filiam
828 1418 962 1447 suam
1000 1401 1237 1466 Dionysio
1276 1400 1510 1449 tradebat.

70 1481 322 1527 Praecones
355 1477 528 1525 urbem
563 1478 917 1526 circumeuntes
949 1479 1221 1527 clamabant
1257 1491 1312 1527 ut
1346 1497 1514 1528 omnes

71 1557 216 1624 regali
253 1556 478 1606 convivio
517 1556 803 1604 interessent
831 1577 841 1603 :
871 1557 1030 1613 dives,
1064 1572 1264 1624 pauper,
1301 1557 1510 1616 nobilis,

73 1637 187 1685 civis
221 1654 274 1683 ac
305 1635 607 1701 peregrinus;
632 1638 930 1702 quicumque
954 1653 1054 1684 non
1086 1637 1321 1694 venisset,
1349 1654 1513 1704 regem

73 1714 355 1764 offenderet.
379 1711 602 1762 Abbanes
626 1731 741 1780 ergo
761 1732 871 1762 cum
891 1714 1079 1762 Thoma
1105 1715 1330 1763 convivio
1356 1715 1513 1763 inter-

71 1795 191 1851 fuit,
223 1792 303 1842 sed
329 1792 538 1840 Thomas
569 1793 713 1840 solito
739 1810 877 1840 more
909 1810 1011 1840 non
1039 1794 1186 1857 jociS,
1217 1811 1305 1841 nec
1332 1793 1510 1858 epulis,

74 1872 153 1920 sed
178 1872 361 1920 coelesti
390 1871 589 1918 theoriae
623 1871 822 1918 studuit.
851 1872 1038 1919 Interea
1063 1872 1300 1918 cantatrix
1325 1871 1514 1919 hebraea

75 1949 234 1998 ferens
256 1948 422 1995 tibiam
438 1984 450 2005 ,
482 1966 612 1995 secus
631 1947 890 2012 prandium
910 1946 1195 1994 circumibat
1209 1984 1224 2007 ,
1246 1958 1294 1995 et
1317 1948 1514 1995 unicui—

77 2046 171 2094 que
190 2027 320 2094 quod
340 2027 406 2073 illi
428 2026 636 2091 placeret
654 2025 871 2074 canebat.
899 2026 1109 2074 Veniens
1133 2037 1293 2074 autem
1311 2026 1368 2073 ad
1387 2027 1516 2074 Tho-

77 2123 230 2163 mam,
258 2105 439 2153 diutius
467 2104 720 2151 immorata
737 2114 848 2151 ante
872 2103 1008 2150 illum
1032 2105 1190 2163 stetit,
1215 2121 1267 2150 ac
1286 2114 1340 2150 ut
1362 2102 1517 2151 homi-

79 2202 191 2232 nem
215 2201 316 2231 non
349 2182 717 2230 manducantem
750 2200 906 2248 neque
931 2181 1179 2229 bibentem
1196 2220 1207 2242 ‚
1244 2183 1324 2230 sed
1350 2183 1515 2230 oculos

79 2263 216 2310 coelis
245 2263 404 2308 affixos
435 2260 691 2310 habentem
708 2261 973 2326 perspexit,
996 2260 1123 2308 hunc
1140 2260 1401 2308 Hebraeum
1421 2279 1517 2309 esse

83 2353 130 2388 et
152 2341 237 2389 Dei
265 2340 373 2387 coeli
396 2350 639 2388 oratorem
666 2340 916 2387 intellexit.
944 2338 1260 2405 Congaudens
1280 2340 1427 2404 igitur
1448 2338 1514 2384 illi

85 2431 141 2467 ut
175 2420 541 2484 compatriotae,
581 2418 799 2466 hebraice
831 2419 982 2485 coepit
1017 2436 1188 2466 canere
1229 2439 1238 2464 :
1282 2419 1417 2465 Unus
1451 2429 1521 2465 est

88 2500 221 2546 Deus
247 2499 562 2545 ,Hebraeorum
578 2536 592 2555 ,
620 2499 706 2563 qui
728 2500 905 2546 creavit
927 2501 1091 2545 omnia
1111 2521 1126 2552 ,·
1152 2500 1256 2564 ipse
1261 2495 1394 2560 feeit
1418 2515 1519 2543 coe—

93 2577 192 2623 lum
209 2588 252 2623 et
270 2588 442 2623 terram
460 2615 472 2633 ‚
500 2587 543 2622 ec
567 2580 670 2641 ipse
681 2576 921 2638 fundavit
942 2578 1115 2622 maria.
1143 2576 1255 2621 Haec
1280 2573 1521 2639 apostolus

141 2771 189 2815 (ι)
219 2770 314 2804 Dans
331 2770 490 2807 d'autres
508 2769 679 2818 legendos
697 2769 747 2804 (lu
768 2770 886 2805 meme
904 2771 1017 2812 saint,
1040 2781 1080 2804 ce
1094 2781 1181 2804 noni
1199 2775 1253 2803 est
1267 2768 1358 2802 ecrit
1381 2784 1384 2800 ;
1407 2767 1521 2801 „Mau-

97 2828 313 2874 drimwolis.
