1738 3043
223 191 271 230 40
584 191 822 229 HISTORIA
853 192 1248 233 ECCLESIASTICA.

223 272 311 318 nit.
346 272 446 317 lllie
473 271 670 316 sadueaei
697 282 743 317 et
772 270 986 335 pharisaei
1021 290 1129 319 eum
1155 283 1457 320 tentaverunt
1484 291 1536 320 ac
1567 283 1620 321 ut

224 350 288 396 eis
324 347 380 395 de
420 347 544 394 coelo
586 347 773 412 signum
809 350 1076 397 ostenderet
1108 361 1418 415 rogaverunt,
1461 353 1623 416 parvi-

222 424 478 489 pendentes
521 423 649 488 quod
690 424 747 471 de
783 436 959 489 septem
1000 426 1201 490 panibus
1237 438 1442 492 quatuor
1474 427 1623 475 millia

223 500 472 547 hominum
513 501 723 564 paverit,
770 512 817 548 et
857 502 1068 567 reliquiis
1108 513 1285 566 septem
1325 513 1505 567 sportas
1544 520 1625 550 re-

220 578 437 641 pleverit.
485 577 546 624 At
584 577 660 625 ille
695 580 982 642 proterviam
1024 596 1189 625 eorum
1223 578 1496 645 redarguit,
1534 580 1626 627 eis-

219 672 311 720 que
347 657 561 720 signum,
602 656 691 702 nisi
728 657 913 721 signum
945 658 1077 704 Jonae
1114 657 1382 721 prophetae,
1423 657 1627 724 denega-

225 733 314 789 vit,
350 744 396 779 et
427 732 602 779 relictis
639 733 728 779 illis
755 751 920 780 navem
958 732 1163 780 ascendit
1205 744 1251 780 et
1286 744 1414 781 trans
1448 733 1627 782 fretum

225 808 340 855 abiit
359 810 450 872 (1).

290 885 549 933 Bethsaida}
573 898 762 952 rogatus
786 899 854 935 est
876 898 929 934 ut
954 905 1130 934 caecum
1153 899 1381 954 tangeret.
1410 887 1493 936 Ille
1515 904 1630 935 vero

224 980 417 1010 manum
450 965 560 1011 effici
590 963 929 1028 apprehendit,
973 982 1081 1011 eum
1115 976 1244 1012 extra
1279 967 1436 1012 vicum
1469 964 1632 1012 eduxit

228 1051 305 1097 et,
342 1058 548 1103 expuens
576 1042 623 1087 in
647 1041 807 1088 oculos
840 1043 962 1105 ejuS‚
999 1059 1161 1088 manus
1184 1059 1284 1089 suas
1310 1042 1534 1105 imposuit
1543 1060 1558 1099 ;
1585 1050 1632 1088 et

229 1117 287 1163 ab
323 1135 408 1174 eo,
440 1118 473 1164 si
503 1118 681 1182 aliquid
706 1118 915 1174 videret,
954 1119 1280 1183 interrogavit.
1320 1118 1384 1164 At
1415 1118 1492 1165 ille
1523 1118 1589 1164 ait
1617 1137 1628 1163 ε

232 1194 392 1240 Video
431 1194 643 1241 homines
683 1197 827 1259 quasi
862 1194 1054 1241 arbores
1095 1194 1410 1241 ambulantes.
1455 1196 1634 1241 Iterum

229 1289 394 1317 manus
418 1288 558 1334 super
584 1271 746 1317 oculos
772 1273 868 1334 ejus
905 1271 1146 1334 imposuit.
1181 1271 1264 1318 Ille
1298 1270 1447 1334 coepit
1477 1269 1634 1318 videre

230 1358 277 1394 et
300 1349 544 1394 restitutus
557 1338 635 1395 ¹est
649 1383 661 1404 ,
692 1349 752 1393 ita
779 1358 831 1392 ut
857 1347 979 1394 clare
1002 1347 1180 1395 videret
1203 1348 1382 1396 omnia.
1410 1348 1547 1394 Tunc
1570 1347 1636 1393 ait

233 1425 298 1470 illi
330 1446 338 1469 :
367 1425 511 1471 Vade
536 1427 584 1471 in
603 1425 798 1471 domum
819 1436 948 1471 tuam
971 1436 1037 1483 et,
1064 1429 1104 1471 .ςί
1123 1427 1173 1471 in
1195 1427 1354 1473 vicum
1379 1426 1632 1483 introieris,

233 1504 412 1549 nemini
435 1503 471 1548 d
473 1504 618 1548 ederis
642 1504 660 1565 (
668 1504 729 1565 2).

279 1582 519 1650 ‘Egressus
539 1583 690 1638 Jesus,
720 1583 768 1627 in
794 1582 977 1629 castella
1001 1588 1223 1630 Caesareae
1246 1582 1453 1647 Philippi
1477 1583 1632 1643 venit,

233 1671 279 1705 et
302 1678 326 1705 a
350 1659 587 1723 discipulis
615 1659 707 1705 suis
741 1660 788 1705 in
815 1660 913 1716 via,
942 1659 1053 1724 quid
1083 1659 1296 1707 homines
1325 1659 1638 1723 opinarentur

233 1736 289 1782 de
317 1735 398 1781 illo
430 1736 756 1799 interrogavit.
786 1736 849 1781 At
877 1735 944 1780 illi
968 1734 1190 1783 dixerunt
1228 1757 1237 1781 :
1272 1735 1381 1781 Alii
1399 1735 1637 1782 Joannem

237 1814 532 1878 Baptistam,
563 1813 655 1858 alii
682 1813 903 1870 Heliam,
944 1812 1035 1859 alii
1059 1813 1346 1871 Jeremiam,
1374 1823 1459 1859 aut
1492 1829 1638 1858 unum

233 1908 293 1935 ez*
312 1889 578 1954 prophetis.
603 1889 731 1935 Dicit
755 1889 845 1935 illis
868 1891 997 1936 Jesus
1028 1910 1036 1934 :
1071 1890 1173 1937 Vos
1197 1900 1378 1947 autem,
1404 1905 1542 1954 quem
1565 1905 1638 1935 me

232 1984 332 2012 esse
354 1967 514 2011 dicitis
530 1965 556 2012 Ρ
587 1966 891 2030 Respondens
924 1965 1088 2012 Simon
1112 1967 1276 2013 Petrus
1300 1965 1420 2012 dixit
1451 1985 1460 2011 :
1491 1965 1542 2013 T
1535 1983 1567 2011 ιι
1579 1982 1637 2011 es

236 2043 479 2100 Christus,
503 2042 646 2107 filius
687 2043 783 2090 Dei
817 2044 929 2090 vivi.
970 2044 1276 2107 Respondens
1317 2051 1474 2089 autem
1507 2042 1636 2088 Jesus

231 2119 351 2165 dixit
382 2121 421 2166 ei
467 2141 474 2164 :
506 2121 687 2166 Beatus
721 2138 794 2177 es,
833 2121 1001 2167 Simon
1023 2122 1276 2185 Bar-jona,
1316 2122 1431 2183 quia
1458 2135 1572 2165 caro
1594 2127 1639 2164 et

231 2197 432 2259 sanguis
467 2214 562 2242 non
593 2197 810 2243 revelavit
851 2197 958 2253 tibi,
1000 2196 1088 2242 sed
1122 2197 1274 2241 Pater
1304 2212 1434 2241 meus
1465 2196 1550 2259 qui
1587 2195 1638 2240 in

233 2274 365 2319 coelc's
386 2284 468 2318 est.
496 2274 544 2318 E
547 2284 562 2318 t
586 2291 673 2337 ego
693 2275 804 2320 dico
822 2274 911 2319 tibi
934 2274 1050 2337 quia
1075 2285 1123 2319 tu
1147 2291 1194 2320 es
1217 2274 1414 2330 Petrus,
1435 2283 1481 2320 et
1496 2288 1641 2338 super

232 2350 357 2396 hanc
385 2361 574 2414 petram
609 2350 860 2414 oeclificabo
901 2350 1154 2397 ecclesiam
1191 2367 1345 2397 meam
1362 2372 1382 2406 ,·
1408 2360 1451 2395 et
1478 2359 1636 2416 portoe

280 2583 328 2626 (ι’)
355 2582 484 2616 matth.
506 2594 564 2625 xv,
594 2581 661 2628 593
693 2595 767 2625 ,ιη-ι,
799 2583 988 2625 12;Marc.
1016 2594 1101 2625 vni,
1136 2593 1252 2616 10-21.
1271 2580 1383 2625 —(2)
1409 2580 1520 2614 Marc.
1551 2589 1630 2621 vni,

233 2639 354 2673 ἰι-26.
