1738 3043
592 238 747 277 LIBER
780 238 1060 278 SECUNDUS.
1467 245 1539 281 277

113 335 215 363 cani
240 317 531 366 deauratam,
565 334 672 364 cum
713 334 757 361 iv
798 317 938 363 mulis
972 317 1206 374 candidis,
1244 319 1541 385 totidemque

115 396 273 460 cquis,
300 395 444 458 gratis
463 395 643 440 sanavit
667 404 712 439 ct
736 411 903 440 omncs
928 396 982 440 ad
1012 395 1149 441 litlcm
1173 397 1407 445 invitavit.

181 472 353 517 Passim
381 472 582 535 apostoli
615 471 734 516 fama
771 489 855 535 per
881 473 1205 519 Macedoniam
1234 475 1457 523 currebat
1484 477 1542 524 de

115 548 373 594 virtutibus
409 567 522 614 quas
563 548 685 595 idem
721 566 862 612 super
904 549 1118 597 infirmos
1154 550 1372 599 faciebat.
1412 553 1543 600 Viri-

118 644 204 672 uus
227 628 296 690 (ii
323 644 434 691 crgo
467 627 723 691 proconsul
757 638 924 674 contra
950 645 1061 674 eum
1085 631 1350 677 concitatus
1375 643 1470 688 cst,
1499 644 1545 679 et

116 705 499 753 Thessalonicam
535 705 709 752 milites
740 706 894 762 misit,
938 717 991 752 ut
1026 723 1138 754 eum
1173 709 1546 773 comprehende-

117 792 245 837 i·cnt;
277 781 354 828 sed
378 782 477 829 viso
498 780 687 846 fulgore
712 783 871 828 vultus
896 785 993 847 ejus
1015 784 1251 849 attingere
1282 785 1418 832 illum
1445 804 1543 833 non

115 860 210 905 ausi
238 859 450 907 fuerunt.
479 860 649 925 Populi
676 878 791 908 vero
825 862 873 907 in
899 862 1051 909 Deum
1081 863 1349 921 credentes,
1382 876 1435 911 ut
1460 866 1549 910 mi-

118 937 220 984 lites
241 937 354 983 illuc
375 938 556 985 venisse
584 955 674 1004 pro
694 938 888 986 laesione
909 941 1110 1004 apostoli
1131 941 1410 999 audierunt,
1441 943 1545 988 irati

114 1014 277 1080 gladiis
296 1027 344 1063 et
362 1015 565 1063 fustibus
583 1034 662 1064 eos
686 1018 961 1066 interimere
982 1019 1264 1076 voluerunt;
1288 1019 1365 1067 sed
1384 1019 1549 1086 prohi-

115 1093 259 1141 bente
277 1095 494 1159 apostolo
509 1132 522 1152 ‚
544 1096 621 1141 vix
640 1114 807 1142 manus
826 1115 848 1142 a
869 1096 995 1144 caede
1013 1096 1355 1146 cohibuerunt.
1378 1099 1548 1146 Denuo

115 1174 374 1238 proconsul
402 1175 531 1221 misit
556 1175 731 1222 milites
747 1211 758 1231 ,
789 1175 868 1222 sed
894 1176 1012 1240 ipsi,
1042 1187 1094 1223 ut
1118 1177 1389 1241 apostolum
1413 1177 1550 1224 vide-

116 1262 256 1309 runt,
288 1251 463 1299 turbati
490 1252 611 1299 nihil
641 1253 884 1301 dixerunt.
915 1256 1134 1321 Denique
1161 1256 1304 1303 tertio
1333 1273 1549 1321 procon-

116 1328 186 1373 sul
231 1329 594 1377 multitudinem
635 1330 846 1377 militum
892 1332 1021 1377 misit
1040 1368 1053 1389 ,
1105 1350 1314 1397 quorum
1358 1351 1481 1379 unus
1525 1354 1548 1380 a

117 1407 336 1454 daemone
359 1420 576 1473 arreptus
603 1419 698 1465 cst,
723 1419 769 1456 et
796 1410 844 1455 in
871 1408 1114 1457 absentem
1139 1410 1408 1457 truculenta
1433 1430 1550 1475 pro-

117 1486 361 1534 oonsulem
383 1486 522 1535 verba
549 1488 736 1534 locutus
758 1498 843 1535 est.
868 1488 1051 1535 Deinde
1068 1488 1364 1536 daemonium
1389 1508 1549 1554 egres-

117 1582 222 1610 sum
263 1574 358 1621 est,
400 1576 447 1611 ct.
490 1565 624 1612 miles
667 1565 836 1612 cecidit
876 1584 929 1612 ac
973 1578 1194 1614 mortuus·
1235 1578 1322 1614 est.
1367 1569 1548 1616 Interea

117 1643 376 1706 proconsul
403 1661 576 1708 magno
596 1661 705 1690 cum
723 1644 887 1691 furore
907 1646 1038 1692 venit
1052 1681 1065 1702 ,
1094 1655 1141 1693 et
1160 1663 1291 1693 secus
1311 1645 1548 1694 Andream

119 1721 389 1784 apostolum
419 1732 574 1779 stans,
610 1740 719 1769 eum
751 1723 910 1770 videre
936 1740 1034 1770 non
1069 1724 1258 1787 potuit,
1286 1723 1439 1772 donec
1473 1726 1551 1772 lo-

119 1809 347 1862 quentem
369 1798 570 1856 audivit3
597 1800 787 1847 tandem
809 1801 970 1856 miser,
997 1813 1052 1848 ut
1069 1812 1287 1847 sanctum
1303 1802 1386 1849 Dei
1405 1802 1548 1860 vidit,

119 1875 296 1940 probra
324 1877 570 1942 minasque
596 1877 643 1923 in
672 1877 807 1923 illum
827 1878 1071 1941 jaculavit.
1101 1878 1192 1925 Sed
1218 1878 1454 1944 benignus
1480 1881 1554 1927 vir

121 1954 436 2001 furibundum
465 1955 672 2019 judicem
707 1954 926 2002 dulcibus
961 1956 1162 2022 eloquiis
1193 1959 1412 2023 mitigare
1446 1971 1551 2006 stu-

120 2034 248 2089 duit,
271 2034 478 2099 fusisque
497 2033 718 2098 precibus
741 2035 797 2081 ad
815 2035 1101 2093 Dominum,
1126 2035 1330 2084 militem
1347 2037 1550 2084 defunc-

124 2123 224 2157 tum
268 2113 579 2159 resuscitavit.
625 2113 889 2161 Proconsul
937 2131 1049 2161 vero
1089 2113 1241 2161 adhuc
1287 2116 1332 2161 in
1372 2116 1549 2163 insania

121 2190 399 2252 permansit.
428 2190 574 2236 Facto
597 2207 736 2237 mane
762 2191 902 2254 jussit
930 2190 1050 2238 feras
1084 2192 1130 2238 in
1161 2191 1365 2238 stadium
1392 2194 1550 2240 intro-

123 2267 249 2313 mitti
297 2277 344 2314 et
386 2266 574 2314 beatum
609 2268 879 2333 apostolum
922 2268 1042 2314 trahi
1064 2305 1076 2325 ,
1117 2268 1324 2336 ferisque
1360 2272 1546 2335 projici.

124 2345 307 2391 Furiosi
335 2362 447 2391 xero
475 2345 668 2393 clientes
694 2346 829 2394 illum
861 2366 946 2412 per
970 2347 1164 2411 capillos
1194 2358 1470 2406 traxerunt,
1502 2350 1547 2394 in

124 2440 313 2469 arenam
332 2425 663 2487 projecerunt,
685 2442 951 2490 aprumque
968 2425 1180 2473 ferocem
1200 2436 1246 2473 et
1266 2425 1548 2474 horribilem

125 2499 426 2548 dimiserunt.
457 2502 547 2562 Qui
570 2514 786 2549 sanctum
811 2504 894 2551 Dei
917 2514 990 2551 ter
1010 2505 1309 2565 circumivit,
1331 2505 1409 2552 sed
1428 2504 1545 2551 nihil

175 2750 224 2786 (il
251 2750 344 2786 liiscz
369 2781 371 2784 .
401 2753 585 2799 Quirinus.
