1738 3043
563 268 716 307 LIBER
743 267 1022 307 SECUNDUS.
1424 272 1500 309 195

84 364 271 394 carmen
311 349 504 395 metrica
543 349 805 395 sonoritate
841 348 1094 412 pulchrum
1126 349 1272 397 edidit
1303 351 1405 414 (1),
1446 352 1495 397 in

83 442 180 490 quo
203 424 365 473 nobile
391 427 459 472 sui
486 425 726 473 sediminis
752 426 1106 474 monimentum
1132 428 1396 491 posteritati
1423 428 1498 474 fu-

84 512 204 549 turae
228 503 440 567 reliquit.
469 505 648 549 Tantos
677 502 882 567 talesque
908 503 1110 566 praevios
1138 503 1311 551 intueri
1343 505 1493 563 nitor,

82 597 134 626 ac
150 616 163 637 ‚
191 591 244 626 ut
275 580 464 627 claudus
494 580 785 644 pedetentim
812 580 1054 645 gradiens,
1083 581 1353 628 celerrimos
1386 600 1498 629 cur-

82 673 208 705 sores
234 675 258 704 a
279 657 418 723 longe
442 658 518 703 vix
540 658 781 721 insequor.
810 657 878 703 De
896 657 1089 703 materia
1120 667 1276 704 tamen
1303 659 1495 706 illorum

83 734 131 781 in
155 735 307 799 prima
326 735 487 782 fronte
507 733 829 781 inchoandum
846 733 962 780 mihi
981 745 1077 794 est,
1103 735 1177 780 cui
1198 735 1255 782 de
1271 737 1495 800 apostolis

81 822 127 859 et
149 830 315 860 eorum
336 812 479 860 beatis
500 811 910 860 commilitonibus
929 812 1058 859 fandi
1082 812 1300 860 voluntas
1321 815 1459 862 inest.

145 890 404 938 Luculenta
443 893 590 938 Lucas
630 890 780 938 refert
815 892 1117 950 narratione,
1162 893 1292 957 quod
1333 892 1382 939 in
1421 894 1496 941 die

80 978 243 1016 sancto
261 969 559 1016 Pentecostes
577 968 778 1033 apostoli
795 968 977 1033 Spiritu
991 969 1166 1017 Sancto
1179 969 1348 1034 repleti
1363 982 1493 1029 sunt,

81 1057 129 1094 et
151 1048 291 1094 variis
323 1048 538 1113 gentium
574 1047 748 1113 linguis
784 1048 1015 1112 magnalia
1047 1048 1160 1105 Dei,
1192 1048 1494 1112 stupentibus

79 1125 280 1183 Judaeis,
305 1126 387 1191 qui
420 1126 477 1173 de
510 1125 703 1173 diversis
733 1125 1009 1173 nationibus
1034 1138 1382 1185 convenerant,
1417 1128 1495 1175 lo-

81 1204 178 1250 cuti
198 1213 325 1249 sunt.
348 1203 549 1250 AEmulis
566 1203 798 1268 siquidem
818 1203 1163 1262 invidentibus,
1184 1215 1231 1252 et
1248 1223 1348 1269 prae
1367 1205 1495 1252 invi-

81 1280 155 1327 dia
176 1280 534 1328 mussitantibus
556 1301 566 1327 :
597 1284 730 1346 Quia
751 1295 902 1328 musto
916 1283 1057 1348 pleni
1076 1294 1186 1330 sunt
1208 1285 1310 1340 isti,
1330 1285 1496 1331 Petrus

81 1358 250 1406 ardore
276 1358 595 1406 inflammatus
620 1358 755 1416 fidei,
789 1370 914 1406 stans
945 1377 1054 1406 cum
1079 1360 1301 1408 undecim
1330 1362 1492 1419 sociis,

81 1453 247 1484 vocem
278 1455 408 1483 suam
445 1437 666 1494 elevavit,
705 1438 762 1485 de
796 1437 1000 1485 adventu
1038 1438 1242 1503 Spiritus
1278 1440 1495 1486 Paracliti

81 1514 225 1580 longe
242 1525 350 1563 ante
369 1534 453 1580 per
474 1515 757 1581 prophetam
774 1516 877 1564 Jocl
897 1516 1130 1581 praedicto
1153 1528 1500 1584 consequenter

81 1592 330 1651 disseruit;
359 1604 406 1640 et
427 1593 484 1640 de
507 1594 616 1641 Jesu
635 1593 878 1641 Nazareno
893 1630 906 1651 ‚
933 1611 1077 1659 quem
1103 1595 1226 1642 Deus
1249 1596 1390 1643 Pater
1407 1596 1499 1641 vir-

84 1669 264 1718 tutibus
278 1707 291 1728 ‚
312 1681 357 1718 et
381 1671 525 1736 signis
545 1681 685 1736 atque
709 1670 939 1737 prodigiis
959 1672 1236 1731 declaravit,
1259 1683 1306 1721 et
1323 1693 1348 1720 a
1366 1691 1499 1721 mor-

84 1748 175 1794 tuis
193 1759 300 1812 post
323 1749 589 1815 passionem
612 1750 763 1796 crucis
789 1750 930 1797 tertia
950 1749 1025 1797 die
1044 1751 1362 1808 resuscitavit,
1389 1768 1501 1816 pro-

81 1822 320 1871 babilibus
357 1826 580 1890 exemplis
611 1826 868 1872 Psalmistae
898 1825 1120 1890 prolatis,
1154 1828 1499 1874 veracissimam

82 1903 387 1950 assertionem
404 1903 740 1950 disseminavit.
760 1904 786 1948 J
790 1901 910 1949 udaei
930 1920 1043 1967 ergo
1061 1902 1202 1950 corde
1220 1905 1496 1968 compuncti

83 1991 224 2037 sunt,
263 1991 310 2028 et
339 1979 591 2027 salubriter
624 1991 816 2045 recepto
853 1998 1071 2028 sermone
1101 1980 1323 2045 baptizati
1357 1994 1494 2038 sunt;

83 2058 350 2123 animaeque
382 2058 673 2106 credentium
712 2059 759 2105 in
800 2058 877 2104 illa
907 2057 982 2106 die
1011 2059 1200 2106 circiter
1231 2060 1320 2106 tria
1351 2061 1497 2107 millia

86 2136 311 2200 appositae
343 2147 451 2183 sunt
479 2137 570 2200 (2).
608 2136 721 2183 Inde
753 2136 991 2201 primitiva
1024 2138 1250 2201 processit
1274 2138 1461 2186 ecclesia
1480 2175 1493 2196 ,

85 2229 226 2278 quam
251 2215 455 2263 coelestis
479 2215 667 2279 copiose
691 2214 903 2279 perfudit
924 2215 1090 2280 gratia.

150 2292 298 2338 Multa
328 2293 458 2358 signa
482 2304 529 2340 et
551 2292 762 2358 prodigia
795 2311 880 2357 per
900 2293 1138 2357 apostolos
1164 2295 1213 2340 in
1238 2295 1495 2342 Jerusalem

86 2367 262 2417 fiebant
278 2407 291 2428 ‚
318 2382 365 2418 et
388 2372 594 2418 universi
617 2371 828 2419 videntes
853 2371 1038 2419 insolita
1064 2371 1356 2419 metuebant.
1384 2373 1492 2420 Om-

132 2594 182 2642 (ι)
205 2597 349 2639 Amator,
371 2594 521 2630 d'abord
538 2594 728 2630 secretairc
742 2601 778 2628 et
795 2592 987 2628 intendant
999 2593 1061 2627 des
1076 2594 1230 2629 finances
1246 2595 1488 2639 d'Atlialaric,

86 2653 166 2699 puis
188 2653 413 2689 sous-diacre
437 2653 481 2688 de
506 2652 640 2700 l’c'glisc
664 2652 844 2694 romaine,
866 2653 1033 2698 prc'senta
1057 2665 1101 2686 au
1122 2665 1213 2700 pape
1239 2653 1380 2701 Yigile,
1402 2653 1490 2689 dans

86 2709 222 2746 l'anncsse
239 2711 306 2755 544
318 2741 327 2756 ,
346 2713 397 2748 les
414 2714 526 2747 Actes
544 2712 608 2746 des
628 2711 787 2758 Aprili-cs
806 2711 874 2745 mis
891 2723 935 2744 en
953 2722 1032 2745 vers
1049 2711 1168 2746 latins.

134 2770 183 2815 (Ἰ)
210 2770 292 2804 Act.
311 2777 428 2815 apost.
452 2783 494 2813 ιι,
521 2773 616 2812 1-41.
639 2771 778 2807 (Amice
796 2767 840 2803 53
859 2768 904 2802 de
919 2768 1002 2803 l‘Iwe
1019 2770 1259 2813 cliretienne.)
