1738 3043
166 251 217 288 92
528 248 770 287 nlsToRlA
800 248 1202 288 ECCLESIASTICA.

169 330 420 392 Postquam
440 327 719 374 venerabilis
746 339 1032 385 conventus,
1061 328 1141 374 ubi
1168 328 1266 375 fere
1285 338 1475 375 centum
1502 330 1577 375 vi—

165 407 285 470 ginti
318 415 478 461 erant,
514 406 770 453 Jerusalem
805 407 1056 462 remeavit;
1098 407 1288 462 Petrus,
1324 406 1406 471 qui
1437 423 1579 453 voca-

168 484 298 531 tione
332 483 541 546 primus,
579 493 625 530 et
654 484 881 549 dignitate
915 485 1144 530 maximus
1179 494 1305 542 erat,
1341 485 1389 529 in
1422 482 1579 531 medio

167 560 371 605 fratrum
391 561 620 617 surrexit,
649 571 695 607 et
712 561 768 607 de
792 563 816 607 J
823 561 907 607 uda
932 562 1174 625 proditore
1193 561 1436 617 disseruit,
1459 577 1579 626 quo-

169 636 311 684 modo
332 655 578 702 suspensus
597 639 722 686 inter
736 639 912 685 coelum
931 650 977 686 ct
993 649 1166 685 terram
1180 638 1360 685 medius
1375 638 1577 702 crepuit,

169 723 216 760 et
238 714 412 760 viscera
446 716 541 778 ejus
573 715 714 761 effusa
739 726 875 772 sunt,
904 717 1014 780 quia
1044 733 1129 762 nee
1160 715 1310 771 coelo,
1345 732 1432 762 nec
1456 724 1582 761 terra

169 790 338 855 dignus
362 802 455 846 est;
490 803 536 839 et
566 810 673 857 ager
697 795 852 857 pretio
884 792 1058 839 Christi
1091 804 1302 857 emptus,
1333 792 1585 842 Achelde-

172 867 331 924 mach,
359 867 448 915 hoc
474 879 542 916 est
565 888 685 934 aget·
702 872 958 934 sanguinis
979 881 1170 917 vocatus
1192 881 1278 916 est.
1300 867 1481 917 Deinde
1504 869 1586 915 ad-

173 945 362 990 monuit
396 955 448 990 ut
482 947 602 992 sicut
637 945 783 992 David
816 946 1124 1010 praedixerat,
1162 947 1280 993 alter
1315 964 1404 1010 pro
1440 963 1496 993 eo
1529 944 1587 991 ad

173 1022 526 1086 praedicationis
551 1041 669 1087 opus
694 1036 739 1070 et
763 1024 952 1071 coeleste
975 1025 1295 1072 ministerium
1314 1025 1583 1089 eligeretur.

175 1100 349 1147 Omnes
377 1102 531 1166 itaque
556 1103 728 1166 prioris
755 1103 1037 1149 sententiam
1062 1112 1398 1150 concesserunt
1415 1138 1427 1159 ,
1456 1113 1503 1149 et
1528 1119 1589 1149 ne

174 1196 300 1225 sacer
340 1196 566 1226 numerus
606 1180 933 1244 apostolorum
973 1181 1275 1245 imperfectus
1317 1180 1586 1238 videretur,

174 1254 346 1320 Joseph
361 1258 544 1319 justum
565 1267 611 1303 et
637 1256 868 1303 Mathiam
892 1258 1238 1322 praetulerunt,
1261 1258 1418 1322 eisque
1442 1268 1591 1304 sortes

177 1331 427 1379 dederunt.
461 1333 686 1381 Oratione
715 1345 873 1382 autem
904 1353 928 1381 a
963 1336 1105 1382 Petro
1134 1334 1281 1389 fac-ta,
1313 1345 1360 1381 et
1397 1332 1455 1380 ab
1491 1333 1591 1380 aliis

178 1409 455 1456 confirmata
473 1446 486 1467 ,
533 1429 634 1458 sors
681 1430 821 1475 super
868 1411 1096 1458 Mathiam
1140 1410 1337 1468 cecidit,
1389 1421 1436 1458 et
1474 1428 1593 1458 con-

181 1497 453 1533 numeratus
497 1498 566 1535 est
610 1506 718 1534 cum
764 1505 811 1535 Χι
855 1490 1079 1553 apostolis
1123 1490 1213 1553 (1).
1260 1489 1319 1535 Hi
1368 1499 1480 1535 sunt
1524 1505 1590 1535 xu

180 1561 306 1608 horre
342 1563 432 1610 diei
471 1575 517 1611 et
548 1565 745 1629 perfecti
785 1583 850 1612 xn
897 1584 1078 1614 menses
1116 1567 1259 1623 anni,
1298 1576 1439 1632 atque
1476 1566 1592 1612 mul-

181 1641 238 1686 tis
262 1642 591 1707 aenigmatibus
615 1663 639 1691 a
669 1644 914 1709 prophetis
943 1655 990 1691 et
1016 1643 1292 1709 patriarchis
1313 1643 1593 1708 jamdudum

181 1718 405 1783 designati
431 1723 649 1784 apostoli.
672 1724 768 1770 Hos
791 1733 1079 1770 venerantur
1097 1741 1261 1770 omnes
1286 1723 1499 1770 fidelium
1517 1740 1595 1769 na-

185 1797 335 1844 tiones
350 1833 361 1853 ,
391 1801 656 1866 meritoque
680 1811 934 1848 censentur
952 1801 1063 1847 coeli
1083 1811 1321 1848 senatores
1335 1837 1348 1858 ‚
1371 1810 1418 1848 et
1441 1800 1596 1847 eccle-

183 1873 262 1918 siae
282 1874 473 1937 gloriosi
494 1878 759 1942 principes;
787 1879 896 1943 quia
920 1896 1046 1926 verae
1069 1879 1154 1924 viti
1177 1878 1366 1925 Christo
1391 1876 1596 1924 inhaese—

186 1960 301 1995 runt
334 1952 565 2001 fructuosi
599 1955 831 2019 palmites.
867 1957 977 2020 Ejus
1011 1956 1139 2003 enim
1170 1957 1219 2003 in
1254 1956 1375 2002 arvis
1406 1955 1595 2020 vestigia

187 2027 449 2090 specialiter
491 2030 658 2076 imitati
704 2042 816 2077 sunt
859 2042 1114 2097 spontanea
1158 2042 1432 2097 paupertate
1475 2033 1601 2079 inter

189 2101 429 2161 homineS‚
463 2107 690 2172 mirisque
713 2108 970 2155 virtutibus
998 2109 1236 2156 fulserunt
1259 2110 1463 2173 insignes
1489 2109 1603 2155 socii

189 2192 235 2227 et
260 2184 596 2230 consecretales
609 2220 622 2241 ,
643 2203 772 2231 nunc
790 2203 905 2232 vero
925 2187 972 2232 in
996 2185 1267 2232 coelestibus
1287 2185 1476 2232 thronis
1496 2203 1607 2233 con-

190 2276 412 2314 sessoreS,
437 2271 483 2306 et
502 2280 565 2306 xii
589 2261 801 2308 tribuum
821 2263 1136 2309 Israelitarum
1153 2263 1267 2326 justi
1294 2280 1523 2310 censores.
1541 2265 1605 2310 Et

193 2336 313 2381 sicut
350 2337 396 2382 in
437 2338 573 2383 terris
609 2340 785 2387 assidue
817 2350 1133 2387 cucurrerunt
1165 2340 1220 2386 ad
1251 2340 1469 2388 bravium
1499 2342 1605 2387 vitae

193 2411 366 2458 Christi
399 2431 642 2477 sequaceS,
673 2426 716 2462 et
753 2416 798 2462 in
833 2417 1022 2464 ecclesia
1054 2416 1289 2464 laboriose
1319 2417 1607 2465 desudarunt

194 2491 290 2552 ejus
314 2490 473 2535 vicarii
511 2508 561 2536 ac
599 2501 762 2550 testes,
797 2494 861 2539 sic
891 2511 1020 2540 nunc
1054 2493 1177 2540 illius
1203 2493 1327 2541 beati
1358 2503 1608 2541 coruscant

200 2567 248 2611 in
275 2566 406 2611 coelis
426 2566 708 2616 cohaeredes.

247 2738 296 2778 (Ι)
326 2739 403 2771 Act.
435 2747 547 2784 apost.
569 2753 599 2781 ¹,
624 2741 739 2775 1:3-26.
