1738 3043
211 240 287 280 374
578 237 818 276 nisTomA
850 222 1249 277 ECCLEStASTICA.

211 338 314 367 eum
348 318 650 374 custodiunt,
674 328 718 363 et
736 317 798 364 ab
818 319 952 365 omni
972 320 1256 383 contagione
1275 319 1456 367 doloris
1472 338 1623 386 pror-—

209 416 289 445 sus
309 407 586 442 extranemn
611 395 833 442 reddunt.

274 474 383 520 Haec
419 483 466 519 et
496 472 583 519 alia
618 471 690 519 his
715 473 882 520 similia
906 472 1185 521 Hildeberto
1211 473 1471 531 referente,
1497 491 1622 539 pon-

209 549 323 597 tifex
360 559 407 596 et
435 548 530 595 dux
560 567 668 596 cum
699 550 832 597 omni
858 549 1115 597 coadunata
1139 548 1277 614 plebe
1310 549 1456 597 laetati
1481 559 1618 607 sunt,

206 627 512 692 Dominoque
536 643 626 691 pro
657 626 838 674 collatis
872 625 1112 674 beneficiis
1135 627 1393 692 gratiarum
1415 627 1623 674 actiones

209 704 535 751 reddiderunt.
553 703 855 752 Hildebertus
872 714 1048 763 autem,
1068 704 1218 769 angeli
1236 704 1418 752 monita
1436 714 1618 761 tenens,

209 791 350 845 caput
374 798 510 827 sunm
546 781 782 839 totondit,
812 791 858 829 et
879 780 1018 830 beato
1047 781 1236 846 praesuli
1273 780 1544 839 adhaerens,
1572 781 1621 827 in

208 858 291 905 Dei
318 859 510 906 servitio
537 860 823 923 permansit,
857 859 1021 905 vinum
1047 876 1145 907 non
1167 858 1334 907 bibens
1358 869 1405 907 et
1433 876 1623 906 carnem

208 953 307 983 non
333 936 600 983 comedens.
631 935 926 983 Indumentis
947 937 1122 1002 pedum
1143 955 1242 985 non
1263 947 1332 984 est
1351 954 1478 984 usus.
1500 937 1624 984 Pane

208 1025 254 1061 et
284 1032 400 1078 aqua
429 1014 732 1063 solummodo
756 1025 1008 1062 contentus
1032 1015 1125 1062 fuit
1156 1016 1204 1062 in
1239 1014 1372 1074 cibo,
1399 1026 1446 1063 et
1469 1014 1624 1062 cilicio

209 1092 257 1138 in
286 1092 585 1139 indumento.
615 1093 733 1138 Erat
752 1093 880 1140 enim
901 1092 1085 1140 deditus
1113 1093 1160 1139 in
1184 1092 1376 1140 assiduis
1396 1092 1624 1140 orationi-

206 1168 320 1226 bus,
357 1169 404 1215 in
430 1170 623 1233 jejuniis
658 1169 1096 1236 frequentioribus,
1131 1180 1177 1218 et
1201 1170 1441 1217 continuis
1462 1169 1624 1219 bono-

207 1265 314 1293 rum
349 1265 547 1312 operum
583 1247 976 1296 exhibitionibus.
1013 1250 1128 1296 Data
1158 1265 1272 1296 vero
1297 1247 1384 1295 sibi
1409 1265 1431 1293 a
1457 1265 1623 1312 paren-

208 1324 335 1371 tibus
371 1325 687 1373 distribuebat
725 1325 1081 1392 indigentibus;
1120 1326 1240 1374 nihil
1280 1327 1327 1373 in
1366 1326 1624 1373 crastinum

209 1402 296 1449 sibi
313 1403 596 1451 reservabat.
616 1405 902 1470 Exemplum
919 1422 1033 1452 vero
1052 1407 1149 1470 ejus
1168 1405 1469 1452 multisecuti
1491 1414 1620 1462 sunt,

208 1482 509 1546 propriisque
558 1482 887 1529 renuntiantes
926 1481 1278 1540 voluntatibus,
1323 1499 1408 1547 per
1446 1491 1623 1528 arctam

209 1558 332 1604 viam
357 1558 412 1605 ad
436 1558 677 1604 Christum
702 1569 1036 1605 cucurrerunt.

273 1635 538 1699 Stephanus
559 1635 654 1681 dux
681 1636 924 1683 decretum
947 1635 1083 1694 fecit,
1107 1645 1153 1682 et
1174 1653 1258 1700 per
1276 1652 1439 1682 omnes
1462 1645 1624 1700 gentes

209 1729 317 1776 quae
341 1711 511 1759 ditioni
536 1714 632 1776 ejus
657 1711 985 1776 subjacebant,
1013 1712 1213 1769 direxit,
1237 1722 1290 1757 ut
1312 1712 1472 1758 omnia
1501 1721 1624 1759 tem-

210 1789 284 1853 pla
319 1798 365 1835 et
398 1788 518 1836 idola
549 1789 824 1834 minutatim
854 1788 1216 1853 confringerent
1243 1797 1290 1834 et
1315 1788 1410 1852 igni
1438 1805 1623 1835 crema-

210 1878 344 1922 rent,
372 1866 553 1930 solique
577 1865 678 1912 Deo
707 1876 928 1912 vacarent
961 1876 1008 1912 et
1034 1866 1213 1927 ⁸servire
1237 1865 1496 1913 studerent.
1525 1867 1625 1930 lpse

210 1945 477 2011 religiosam
512 1943 684 1999 vitam,
729 1944 850 1990 sicut.
887 1962 910 1989 a
948 1943 1078 1991 bono
1115 1944 1339 2009 magistro
1370 1943 1621 2002 didicerat,

209 2023 462 2088 diligenter
491 2021 590 2068 Deo
615 2020 843 2068 servabat.
872 2021 1194 2086 Eleemosynis
1223 2021 1350 2068 enim
1375 2032 1474 2068 erat
1495 2020 1622 2067 dedi-

213 2112 312 2157 tus,
337 2101 384 2146 in
399 2099 747 2163 judieiojustus
766 2135 778 2154 ,
807 2099 926 2145 circa
951 2116 1177 2163 pauperes
1197 2098 1443 2145 sollicitus.
1467 2098 1624 2145 Sacer-

210 2177 402 2225 dotibus
443 2188 583 2241 atque
621 2176 803 2221 cunctis
840 2176 920 2222 Dei
959 2176 1187 2222 ministris
1221 2175 1415 2239 supplex
1446 2186 1544 2222 erat
1571 2193 1623 2221 ac

211 2255 438 2310 devotus,
474 2252 866 2317 prudentissimus
899 2262 1032 2316 pater
1066 2251 1443 2299 Christianorum
1474 2269 1526 2297 ac
1551 2251 1622 2299 fe-

214 2331 483 2378 rocissimus
502 2339 775 2393 persecutor
794 2331 1105 2393 Paganorum.
1127 2330 1167 2376 A
1185 2329 1259 2377 die
1278 2347 1374 2394 quo
1394 2329 1621 2394 baptisma

215 2409 444 2472 suscepit,
468 2425 576 2453 eum
602 2407 776 2454 femina
801 2407 1011 2471 pollutus
1036 2426 1135 2456 non
1160 2408 1276 2466 fuit3
1302 2407 1379 2455 sed
1406 2408 1453 2454 in
1481 2408 1621 2453 casti-

215 2497 309 2532 tate
331 2502 477 2548 usquo
503 2485 549 2529 in
574 2484 698 2530 diem
723 2483 882 2531 obitus
907 2486 974 2530 sui
1000 2486 1135 2531 vixit.

280 2563 333 2607 ln
370 2560 624 2624 Bmdegala
667 2561 853 2607 civitate
894 2559 1154 2626 Sigibertus
1187 2577 1341 2606 comes
1373 2568 1500 2616 erat,
1538 2561 1618 2624 qui

220 2656 301 2702 per
314 2656 390 2684 sex
402 2655 493 2683 ann
500 2654 551 2683 os
563 2637 761 2701 paralysi
777 2637 949 2684 morbo
960 2638 1163 2702 graviter
1174 2646 1492 2700 aegrotaverat.
1505 2636 1544 2695 Q
1553 2637 1594 2682 ui
1608 2673 1621 2688 ,

218 2727 269 2762 ut
310 2713 539 2761 mirabilia
581 2732 686 2779 quae·
720 2733 803 2778 per
839 2714 1025 2762 beatum
1062 2713 1323 2760 Martialem
1361 2712 1621 2778 agebantur
