1738 3043
232 300 303 337 144
594 297 835 335 HISTORIA
868 296 1268 335 ECCLESIASTICA.

294 380 431 426 Sexta
452 377 552 424 haec
566 414 577 431 ‚
599 376 655 424 de
674 395 764 442 qua
787 378 835 424 in
857 378 1077 441 praesenti
1097 377 1319 423 diximus.

295 458 462 502 Sancta
479 466 522 501 ct
539 465 765 518 perpetua
777 458 911 519 virgo
923 453 1096 500 Christi
1108 451 1376 499 Edilthrida
1387 451 1480 499 filia
1490 452 1643 499 Annae

232 535 352 598 regis
376 532 671 596 Anglorum‚
707 542 754 579 et
792 532 950 596 primo
979 531 1112 578 alteri
1140 531 1244 578 viro
1278 528 1643 596 permagnifico,

234 612 430 659 nominc
449 610 723 668 Tondhert‚
753 610 958 675 principi
983 609 1259 656 australium
1279 609 1558 657 Girviorum
1571 645 1585 666 ‚
1602 619 1650 656 et

235 701 342 756 post
366 689 566 755 ngrido
602 690 697 754 regi
732 687 1252 753 Nordanhymbrorum
1275 690 1486 751 conjunx
1511 687 1648 744 data;

236 780 490 833 postquam
523 783 589 813 xil
625 783 774 813 annos
807 765 1001 813 thorum
1026 765 1308 829 incorrupta
1333 764 1535 812 servavit
1560 781 1654 810 ma-

237 847 446 903 ritalem,
480 856 588 910 post
618 845 830 909 reginam
867 854 1058 908 sumpto
1082 843 1314 890 velamine
1350 860 1477 889 sacra
1519 841 1654 907 virgo

240 923 610 971 sanctimonialis
625 922 851 977 eflicitur3
877 938 963 967 nec
981 937 1114 967 mora
1134 921 1277 967 etiam
1296 920 1538 985 virginum
1556 936 1658 965 ma-

242 1013 314 1050 ter
340 1012 386 1049 et
406 1001 572 1047 nutrix
594 1000 668 1064 pia
690 1009 978 1055 sanctarum,
1002 1008 1196 1062 accepto
1215 997 1263 1043 in
1280 995 1658 1044 construendum

242 1079 587 1128 monasterium
614 1077 720 1125 loco
735 1113 749 1134 ‚
776 1094 919 1141 quem
938 1076 1086 1140 Elige
1110 1085 1297 1123 vocant.
1320 1074 1463 1139 Cujus
1488 1075 1658 1121 merita

243 1159 419 1204 vivacia
440 1166 637 1203 testatur
662 1155 805 1202 etiam
836 1172 945 1201 caro
980 1163 1195 1209 mortua,
1222 1170 1333 1217 quae
1358 1162 1467 1217 post
1498 1153 1662 1200 decem

244 1246 291 1283 et
314 1253 392 1282 sex
415 1251 565 1280 annos
597 1231 878 1296 sepulturae,
912 1248 1022 1277 cum
1051 1240 1177 1277 veste
1209 1247 1300 1294 qua
1326 1229 1543 1277 involuta
1567 1240 1658 1285 est,

248 1316 524 1377 incorrupta
544 1311 782 1376 reperitur
803 1310 822 1374 (
834 1329 844 1356 1
858 1310 897 1373 ).

311 1392 603 1439 Justinianus
622 1389 801 1445 minor,
831 1388 955 1435 filius
979 1388 1310 1444 Constantini,
1337 1387 1474 1434 annis
1501 1402 1551 1432 x.
1576 1385 1664 1432 Hic

248 1469 498 1518 constituit
523 1485 686 1532 pacem
722 1484 830 1513 cum
869 1466 1135 1513 Sarracenis
1161 1464 1395 1512 decennio
1419 1474 1544 1511 terra
1570 1480 1666 1509 ma-

249 1550 405 1613 rique.
439 1546 528 1593 Sed
552 1557 598 1592 et
625 1545 867 1610 provincia
899 1544 1057 1590 Africa
1087 1542 1329 1608 subjugata
1365 1553 1434 1590 est
1463 1558 1664 1589 romano

252 1625 480 1690 imperio,
513 1642 621 1689 quae
654 1623 808 1669 fuerat
833 1632 959 1668 tenta
980 1640 1003 1667 a
1029 1622 1297 1669 Sarracenis
1312 1657 1325 1678 ,
1355 1620 1451 1685 ipsa
1474 1636 1667 1686 quoquc

250 1701 532 1766 Carthagine
551 1699 609 1746 ab
629 1700 692 1747 eis
710 1709 842 1763 capta
868 1709 914 1745 et
932 1698 1186 1745 destructa.
1215 1698 1303 1744 Hic
1320 1696 1472 1745 beatae
1488 1712 1669 1744 memo-

251 1781 335 1826 riae
361 1777 639 1843 pontificem
667 1793 879 1823 romanae
910 1774 1117 1822 ecclesiae
1145 1774 1388 1840 Sergium,
1420 1774 1529 1839 quia
1550 1790 1670 1820 erra·

253 1858 362 1905 ticae
400 1873 496 1902 suae
536 1853 747 1920 synodo,
804 1869 948 1917 quam
994 1851 1412 1916 Constantinopoli
1459 1850 1666 1907 fecerat,

250 1933 405 1981 favere
425 1943 472 1979 et
491 1929 787 1978 subscribere
814 1930 1068 1986 noluisset,
1093 1929 1236 1977 misso
1263 1927 1483 1975 Zacharia
1506 1937 1670 1992 proto-

254 2012 459 2076 spatario
478 2027 586 2067 suo,
614 2009 754 2073 jussit
777 2007 1250 2072 Constantinopolim
1283 2006 1542 2071 deportari.
1579 2005 1670 2053 Sed

300 2214 350 2258 (ι)
377 2212 439 2248 On
458 2224 503 2247 ne
529 2218 672 2258 compte
689 2210 978 2245 ordinairement
1001 2221 1073 2256 que
1091 2209 1174 2255 cinq
1197 2214 1281 2242 cent
1298 2207 1399 2253 vingt
1418 2218 1465 2241 ou
1484 2206 1568 2254 cinq
1587 2213 1671 2241 cent

255 2272 432 2318 vingt-six
460 2272 613 2318 &eques
640 2283 684 2304 au
712 2269 851 2304 concile
875 2269 1130 2315 (neumenique
1158 2267 1203 2302 de
1227 2266 1495 2309 Chalcedoine‚
1530 2267 1579 2301 οὺ
1603 2278 1669 2302 nos

255 2340 402 2367 auteurs
420 2344 466 2366 cn
484 2338 631 2378 portent
647 2330 679 2364 le
699 2329 851 2364 nombre
869 2331 889 2363 a
908 2327 989 2363 650.

301 2395 371 2429 Sur
389 2394 422 2428 la
440 2393 564 2440 picuse
590 2391 771 2437 princcsse
794 2381 999 2423 Edeltln·itc
1017 2400 1063 2422 ou
1085 2379 1299 2431 lithildrite,
1319 2394 1438 2422 morte
1456 2398 1501 2421 en
1523 2385 1610 2435 679,
1631 2393 1669 2422 et

256 2466 318 2488 sur
337 2454 368 2488 le
386 2452 590 2487 monastero
609 2448 739 2496 qu'elle
755 2447 864 2483 sonda
879 2450 897 2481 a
916 2447 992 2494 lily,
1014 2459 1120 2494 voyez
1135 2447 1320 2482 l⁷Histoirc
1338 2446 1609 2493 ecclesias-tique
1623 2445 1668 2480 de

256 2512 369 2555 Bede,
387 2511 446 2545 liv.
465 2522 513 2551 ιν,
533 2510 588 2543 ch.
616 2520 673 2555 19,
695 2507 727 2542 le
748 2506 880 2542 second
903 2506 1045 2541 volume
1063 2506 1126 2541 des
1144 2506 1242 2541 Acta
1264 2506 1330 2540 SS.
1352 2504 1430 2540 ord.
1450 2505 1579 2539 Sancti
1594 2504 1669 2539 Be-

258 2573 412 2612 nedicti,
442 2577 479 2605 ct
505 2569 556 2603 les
584 2567 822 2603 Bollandistcs
850 2579 894 2601 au
922 2565 965 2601 ‘25
989 2567 1086 2613 juin.
1115 2567 1181 2601 Les
1205 2566 1389 2601 australes
1417 2566 1547 2609 δι”-νᾶ,
1579 2564 1670 2600 dont

259 2643 349 2667 nous
376 2630 521 2664 n'avons
545 2629 672 2662 trouve
692 2626 983 2673 l'emplacement
1002 2625 1154 2673 indique
1178 2624 1276 2659 nulle
1302 2631 1403 2671 part,
1423 2634 1516 2658 nous
1533 2623 1670 2670 parais-

259 2699 336 2727 sent
360 2691 437 2726 ‹Etre
460 2690 508 2724 les
532 2688 714 2722 habitants
737 2687 782 2721 dc
806 2686 837 2721 la
864 2688 1012 2721 contree
1035 2686 1148 2720 situee
1177 2697 1239 2719 sur
1263 2684 1296 2719 la
1321 2684 1396 2718 rive
1423 2682 1542 2718 droite
1566 2681 1611 2717 de
1636 2681 1671 2717 la

260 2753 381 2799 Tync,
401 2750 489 2784 dans
506 2749 538 2783 lc
556 2750 674 2783 comte
688 2747 733 2781 (le
751 2747 915 2781 murinam
927 2775 936 2790 ,
956 2759 1025 2781 aux
1042 2746 1211 2782 environs
1225 2745 1412 2787 d'Iarrom
1429 2743 1502 2778 lieu
1516 2743 1561 2779 de
1578 2743 1671 2778 nais-

261 2823 364 2845 sance
381 2810 426 2845 de
448 2808 561 2850 Heme,
583 2809 644 2854 qui
667 2808 800 2852 portait
819 2806 913 2840 alors
934 2806 965 2840 le
983 2818 1067 2840 nom
1085 2805 1130 2839 (le
1155 2805 1307 2839 Girvum
1325 2815 1371 2838 ou
1394 2802 1507 2837 Girve.
