1738 3043
590 211 740 249 LIBER
772 210 976 249 PRIMUS.
1443 214 1492 250 83

88 311 229 358 panes
252 291 530 340 hordeaceos
557 300 602 336 et
629 290 746 336 duos
777 291 924 354 pisces
961 291 1162 354 accepit,
1190 291 1416 355 aspiciens
1444 293 1492 337 in

90 371 295 427 coelum,
332 367 596 422 benedixit,
624 367 792 430 fregit,
820 367 1178 432 discipulisque,
1206 379 1260 414 ut
1284 386 1495 433 appone-

89 459 198 496 rent
220 445 371 493 turbis
385 483 396 503 ,
417 445 563 492 dedit.
588 442 772 490 Turbas
789 461 902 491 vero
927 461 1066 508 super
1089 444 1278 492 foenum
1295 444 1496 492 discum-

91 525 201 572 bere
227 523 382 588 jussit.
414 519 794 568 Ministrantibus
817 521 1066 584 apostolis,
1102 522 1315 587 quinque
1350 523 1497 569 millia

90 603 329 658 virorum,
362 600 567 664 exceptis
599 597 879 645 mulieribus
911 608 958 645 et
986 599 1220 662 parvulis,
1249 601 1499 647 manduca-

93 690 263 729 verunt
302 689 348 726 et
385 678 577 724 saturati
609 687 743 733 sunt;
780 686 826 724 et
865 677 922 723 de
955 676 1168 741 reliquiis
1203 694 1269 723 xn
1306 679 1498 743 cophini

90 756 468 821 fragmentorum
483 753 609 818 pleni
631 752 800 799 sublati
825 763 935 800 sunt
952 754 1044 817 (1).
1062 755 1174 802 Haec
1192 754 1351 801 omnia
1371 773 1501 820 mys-

94 834 221 882 teriis
239 834 376 899 plena
395 843 524 879 sunt.
551 832 681 878 Jesus
702 830 759 878 de
780 831 939 878 Judaea
964 831 1160 889 secedit,
1187 833 1235 878 in
1263 831 1502 880 desertum

91 912 306 977 gentium
326 909 474 958 venit.
504 907 680 955 Turbae
702 918 982 973 sequuntur.
1012 908 1280 973 Languidos
1293 945 1307 967 ‚
1336 927 1502 957 eorum

91 989 310 1036 misertus
323 1024 336 1045 ,
362 996 512 1033 curat.
542 985 767 1050 Quinque
784 984 984 1049 panibus
1003 984 1271 1032 hordeaceis
1288 987 1504 1033 Mosaicae

93 1067 224 1131 legis,
239 1076 286 1113 et
295 1064 480 1112 duobus
489 1062 693 1128 piscibus
703 1062 969 1127 prophetiae
979 1073 1025 1110 et
1035 1063 1345 1127 psalmorum,
1356 1064 1501 1128 pavit.

94 1145 161 1190 Et
190 1143 279 1190 hoc
303 1159 492 1206 vespere
508 1178 521 1198 ,
546 1142 591 1188 id
615 1152 684 1188 cst
714 1141 809 1188 fine
832 1141 1100 1188 seculorum
1123 1142 1501 1207 propinquante,

96 1221 276 1286 peregit
285 1239 298 1278 ;
321 1237 429 1266 cum
449 1220 546 1283 ipse
561 1219 627 1266 sol
641 1219 841 1283 justitiae
860 1236 949 1282 pro
973 1218 1111 1266 nobis
1129 1219 1372 1266 occubuit.

161 1299 387 1346 Homines
409 1334 422 1354 ,
473 1314 582 1343 cum
631 1293 873 1343 vidissent‘
894 1296 1023 1361 quod
1063 1296 1238 1344 fecerat
1284 1298 1470 1362 signum
1491 1333 1503 1353 ,

96 1375 318 1423 dicebant
340 1375 448 1440 quia
473 1375 549 1420 hic
577 1384 646 1420 est
682 1391 789 1420 vere
818 1372 1048 1437 propheta
1079 1374 1161 1438 qui
1185 1385 1414 1420 venturus
1439 1385 1509 1421 est

99 1453 148 1500 in
173 1451 424 1499 mundum.
452 1452 580 1498 Jesus
612 1467 753 1515 ergo,
788 1467 897 1496 cum
928 1450 1225 1514 cognovisset
1259 1452 1369 1516 quia
1391 1468 1509 1498 ven-

99 1530 192 1576 turi
226 1538 380 1576 essent
410 1539 464 1574 ut
492 1546 601 1575 eum
624 1538 847 1592 raperent
879 1537 926 1574 et
948 1545 1108 1593 regem
1133 1527 1345 1575 facerent
1363 1564 1377 1586 ,
1409 1528 1509 1574 dis-

99 1608 280 1672 cipulos
300 1608 439 1672 jussit
473 1608 522 1653 in
554 1606 821 1653 naviculam
846 1605 1118 1664 ascendere,
1155 1624 1357 1672 eumque
1380 1616 1509 1653 trans

98 1686 277 1734 fretum
323 1686 589 1750 praecedere
608 1721 621 1742 ‚
664 1696 711 1732 et
749 1685 845 1749 ipse
881 1684 1068 1731 dimissa
1114 1683 1253 1731 turba
1295 1684 1421 1749 fugit
1461 1685 1508 1730 in

100 1772 315 1810 montem
337 1762 462 1809 solus
481 1780 630 1809 orare.
655 1763 862 1827 Vespere
879 1761 1005 1809 facto
1016 1797 1030 1820 ,
1053 1762 1268 1809 navicula
1289 1762 1338 1807 in
1356 1760 1514 1808 medio

102 1841 219 1887 mari
240 1840 506 1905 jactabatur
524 1840 771 1898 fluctibus,
794 1852 840 1887 et
865 1858 985 1904 pene
1010 1850 1108 1889 tota
1138 1851 1280 1888 nocte
1305 1840 1352 1886 in
1375 1840 1514 1886 remi-

103 1918 257 1983 gando
269 1917 595 1965 laborantibus
613 1928 781 1964 ventus
798 1917 1017 1964 obstabat
1032 1918 1315 1964 contrarius.
1338 1916 1513 1975 Quarta

105 1996 261 2062 vigilia
283 1998 467 2052 noctis,
502 2013 609 2041 cum
641 1995 946 2059 remigassent
974 1994 1106 2058 quasi
1132 1993 1275 2039 stadia
1310 2009 1405 2038 xxv
1441 1993 1514 2039 vel

108 2074 333 2138 triginta,
369 2074 499 2120 venit
533 2074 590 2120 ad
622 2090 698 2120 eos
733 2071 977 2118 ambulans
1011 2088 1152 2134 super
1184 2087 1337 2126 mare3
1376 2080 1423 2117 et
1451 2071 1515 2115 vi-

106 2150 294 2208 dentes,
326 2151 527 2197 timuere
549 2150 659 2214 quia
689 2147 922 2213 putabant
951 2165 1058 2195 eum
1093 2146 1366 2211 phantasma
1401 2164 1512 2194 esse.

107 2229 210 2274 Prae
226 2227 397 2274 timore
414 2225 743 2284 clamantibus,
761 2226 919 2272 statim
937 2225 1057 2271 dixit
1073 2225 1228 2271 Jesus:
1248 2225 1361 2288 Ego
1379 2242 1516 2279 sum,-

110 2306 252 2353 nolite
272 2307 448 2352 timere.
469 2333 534 2342 ·—-
555 2305 779 2361 Domine,
809 2304 966 2368 inquit
986 2303 1171 2359 Petrus,
1194 2305 1234 2347 si
1255 2313 1303 2347 ta
1319 2319 1385 2357 es,
1398 2301 1519 2366 jube

111 2402 184 2431 me
217 2385 379 2431 venire
414 2383 484 2430 ad
515 2392 559 2429 te
597 2400 742 2448 saper
776 2400 948 2446 aquas.
991 2381 1055 2426 At
1089 2380 1184 2444 ipse
1218 2380 1283 2425 ait
1319 2400 1328 2425 :
1373 2380 1516 2426 Veni.

113 2460 406 2508 Descendens
426 2461 591 2506 Petrus
610 2459 666 2505 de
691 2458 924 2514 navicula,
945 2455 1155 2503 ambulat
1172 2473 1312 2519 super
1330 2472 1517 2520 aquam,

163 2657 214 2701 (¹)
241 2653 609 2697 hlatu1.x1v,15-21;
634 2656 823 2695 Blarc.xw‚
846 2652 971 2695 30-443
994 2653 1147 2693 Luc.1‹,
1175 2664 1302 2699 10-173
1321 2652 1449 2686 Joanlh
1474 2661 1519 2688 vu

124 2714 219 2750 1-13.

223 2794 251 2820 1.
1308 2772 1329 2814 ’ἦ
