1738 3043
650 186 804 225 LlBER
833 185 1114 225 SECUNDUS.
1522 188 1598 226 443

172 282 286 314 inv
304 266 549 330 episcopos
568 266 888 321 consecravit,
919 275 965 313 ct
989 277 1056 312 vr‘
1079 265 1180 311 idus
1193 265 1395 329 januarii
1417 265 1473 312 ad
1497 264 1599 313 bea-

172 354 276 390 tum
297 344 493 393 Petrum
507 343 779 408 apostolum
798 345 1008 405 sepultus
1028 353 1098 390 est
1111 379 1124 400 ,
1145 353 1193 390 et
1212 344 1407 390 cessavit
1424 345 1600 409 episco-

169 430 305 485 patus
329 419 496 470 diebus
516 437 580 468 κε,
602 421 694 485 (1).

234 499 493 566 Gregorius
525 499 793 561 Romanus,
821 517 876 546 ex
909 511 1043 565 patre
1074 500 1327 561 Marcello,
1364 501 1482 548 sedit
1509 519 1599 548 an-

169 578 242 625 nis
281 595 362 626 Χνι
399 577 641 626 mensibus
679 594 726 624 lx
762 577 928 626 diebus
968 595 1045 635 xi,
1087 589 1301 643 tempore
1336 579 1566 626 Anastasii
1582 616 1596 637 ,

169 655 425 704 Theodosii
447 692 460 713 ,
502 656 676 703 Leonis
714 666 857 721 atque
905 656 1209 703 Constantini
1249 657 1594 722 Augustorum.

167 735 255 782 Hic
284 735 457 781 multas
482 734 695 782 ecclesias
725 744 772 782 et
802 733 1012 781 abbatias
1036 736 1336 792 construxit,
1368 748 1415 783 ct
1446 737 1597 782 multa

166 811 254 857 alia
300 810 427 859 bona
445 850 457 872 ‚
508 829 617 877 quae
667 830 947 859 enumerare
985 810 1277 877 impossibile
1323 824 1416 870 est,
1462 814 1593 860 fecit.

164 890 254 936 Hic
276 908 363 955 per
387 889 700 938 Bonefacium
729 891 1005 955 episcopum
1027 889 1335 937 Germaniam
1369 892 1424 938 ad
1456 892 1598 939 lidem

165 967 342 1015 Christi
363 969 618 1016 convertit.
644 970 782 1015 Tunc
802 968 914 1015 luna
937 986 1085 1033 usque
1105 968 1161 1015 ad
1180 968 1383 1016 mediam
1401 980 1597 1017 noctem

165 1056 412 1093 cruentata
445 1046 538 1093 visa
573 1057 666 1103 est,
703 1046 874 1093 fluvius
912 1045 1098 1093 Tiberis
1134 1046 1384 1092 inundavit
1425 1058 1472 1093 et
1511 1065 1597 1112 per

165 1140 233 1171 v11
260 1124 358 1172 dies
389 1125 591 1172 Romam
623 1125 897 1189 occupavit;
930 1125 990 1170 ita
1020 1135 1075 1171 ut
1097 1135 1287 1188 portam
1312 1124 1595 1172 Flaminiam

164 1219 376 1266 egressus
394 1202 767 1259 transcenderet,
785 1214 832 1250 et
852 1203 898 1249 in
919 1203 1006 1251 Via
1023 1203 1133 1249 Lata
1155 1202 1213 1249 ad
1234 1221 1376 1249 unam
1393 1213 1440 1249 ct
1457 1204 1594 1250 semis

162 1288 392 1326 staturam
415 1298 533 1345 aqua
563 1291 868 1328 excresceret.
907 1278 1142 1344 Gregorio
1175 1297 1293 1344 papa
1325 1297 1435 1326 cum
1465 1280 1594 1328 clero

163 1368 210 1405 et
227 1357 367 1422 plebe
383 1358 576 1406 letanias
590 1356 760 1406 crebro
778 1368 971 1424 agente,
989 1369 1098 1423 post
1116 1369 1339 1405 octavum
1356 1358 1594 1422 diemjam

160 1436 382 1483 misertus
414 1438 538 1484 Deus
566 1454 737 1502 aquam
765 1438 962 1485 amovit.
992 1437 1268 1484 Anastasius
1302 1437 1359 1484 de
1390 1437 1592 1502 imperio

159 1513 366 1576 dejectus
389 1526 552 1562 contra
580 1513 831 1561 Tiberium
855 1515 1111 1579 pugnavit,
1139 1514 1218 1561 sed
1243 1515 1398 1561 victus
1423 1525 1471 1562 et
1493 1515 1593 1562 cle-

159 1591 286 1638 ricus
307 1591 455 1638 factus
475 1603 562 1639 est.
582 1591 795 1639 Nefanda
818 1592 1152 1658 Agarenorum
1179 1610 1292 1657 gens
1317 1592 1592 1656 Hispaniam

160 1686 190 1717 x
208 1671 345 1717 annis
364 1670 555 1727 afflixit,
578 1689 722 1735 quam
739 1670 1027 1718 Rhodanum
1049 1671 1251 1717 transire
1270 1671 1511 1718 volentem
1534 1671 1592 1718 ad

158 1748 407 1794 Franciam
425 1748 560 1796 Eudo
581 1749 940 1814 Aquitanorum
959 1748 1055 1795 dux
1073 1749 1206 1805 vicit,
1231 1759 1277 1796 et
1296 1767 1351 1796 ex
1371 1750 1435 1796 eis
1454 1766 1538 1796 ccc
1554 1767 1591 1797 Μ

158 1827 379 1891 peremit.
407 1827 539 1874 Mille
562 1844 678 1875 vero
701 1837 750 1874 et
777 1828 1031 1893 quingenti
1062 1828 1360 1874 Francorum
1387 1826 1450 1873 ibi
1479 1838 1590 1873 tan-

160 1905 412 1954 tummodo
445 1906 664 1954 cecidisse
699 1907 942 1971 leguntur.
982 1907 1120 1952 Tunc
1157 1906 1205 1952 in
1241 1905 1449 1970 quodam
1481 1905 1590 1953 loco

159 1983 432 2048 Campaniae
457 1983 618 2048 pluvia
644 1984 774 2049 quasi
799 1983 932 2048 ignea
959 1982 1016 2030 dc
1041 1982 1168 2029 coelo
1193 1981 1357 2029 cadere
1376 1982 1470 2028 visa
1491 1992 1585 2039 est,

157 2071 207 2108 et
227 2062 443 2109 triticum
467 2080 519 2109 ac
546 2061 781 2109 hordeum
803 2072 944 2127 atque
969 2062 1187 2127 legumen
1210 2059 1472 2108 combussit
1490 2062 1585 2125 (2).

203 2287 255 2332 (1)
280 2285 345 2330 (25
364 2297 461 2321 mars
485 2286 598 2335 708—9
617 2287 706 2322 avril
732 2286 828 2336 715.)
848 2286 1097 2335 L'cxpcdition
1124 2286 1173 2320 du
1195 2286 1333 2333 pau-icc
1352 2285 1549 2321 Theodoro
1567 2289 1587 2320 ἐι

159 2346 330 2383 Ravennc
349 2354 403 2382 est
431 2346 478 2382 de
498 2359 580 2396 7⁰9·
608 2349 656 2382 Le
682 2360 818 2395 voyage
842 2347 892 2383 du
919 2360 1010 2395 pape
1036 2349 1055 2382 a
1083 2347 1389 2394 Constantinoplc
1416 2347 1510 2382 dura
1535 2347 1584 2381 du

158 2403 179 2439 5
199 2404 348 2441 octobre
375 2418 460 2454 710,
486 2406 573 2451 jour
598 2406 642 2440 de
670 2419 733 2441 son
757 2406 905 2454 depart,
930 2407 1103 2454 jusqu’au
1129 2409 1173 2449 24
1197 2406 1346 2441 octobre
1374 2405 1420 2441 de
1446 2406 1586 2441 l'annee

159 2463 334 2499 suivante.
359 2464 541 2499 Justinicn
564 2465 597 2498 11
622 2472 684 2499 cut
710 2465 740 2499 la
767 2466 838 2501 tete
863 2466 1036 2500 tranent-e
1059 2465 1092 2499 le
1123 2478 1157 2499 11
1186 2465 1336 2500 octobre
1357 2478 1442 2514 711,
1461 2472 1496 2498 vt
1519 2475 1582 2498 son

158 2535 367 2559 successeur
386 2523 576 2572 Filopiquc
597 2524 646 2559 los
668 2537 761 2571 ycux
781 2527 900 2560 crcves
920 2525 953 2559 lo
973 2524 994 2559 3
1016 2525 1098 2570 juin
1124 2524 1203 2572 715.
1227 2526 1429 2573 L'epitlirtv
1452 2524 1498 2558 (lc
1523 2536 1583 2558 su-

160 2583 271 2629 perbe
291 2584 435 2620 donnee
459 2585 504 2619 ici
529 2587 548 2619 ἐι
569 2585 687 2625 Felix,
709 2585 935 2633 archcvstqnc
959 2584 1004 2618 de
1028 2584 1217 2628 Ravenne,
1244 2586 1335 2620 ticnt
1354 2587 1370 2618 ἐι
1391 2597 1425 2617 sa
1448 2583 1581 2617 ιη’-1111111·

160 2649 286 2676 contre
304 2643 336 2677 le
357 2645 583 2689 saint-siogv.

207 2704 255 2737 (τῖ’
281 2705 340 2749 (¹9
360 2705 428 2738 mai
447 2704 581 2752 715-111
602 2706 729 2739 {vx-rim·
746 2704 842 2752 731.)
864 2705 909 2739 1,1·
929 2703 1111 2751 pontific-il
1130 2704 1174 2737 (lc
1191 2704 1373 2748 (li-egone
1391 2703 1420 2736 ΙΙ
1444 2702 1580 2737 n'attci-
