1738 3043
153 209 178 246 6
517 207 551 244 ll
561 205 758 245 lSTORlA
789 205 1108 246 ECCLESIASTl
1117 208 1192 246 CA.

153 286 396 349 concepit,
418 300 502 330 vm
523 285 613 330 kal.
635 286 837 349 januarii
857 286 956 333 sine
973 285 1137 334 dolore
1161 286 1342 334 mundo
1359 287 1558 351 peperit.

154 365 230 411 Sic
244 363 465 411 dominus
483 372 645 410 noster
660 364 790 410 Jesus
809 363 1023 411 Christus
1038 365 1188 429 prima
1208 382 1372 413 census
1387 364 1564 429 ascrip-

154 443 310 497 tione,
339 441 593 503 Cirino(1)
623 441 774 505 Syriae
799 441 1107 506 praesidente,
1141 441 1399 490 secundum
1429 441 1565 489 ordi-

153 537 262 566 nem
295 520 438 566 totius
462 518 727 584 prophetiae
760 538 866 585 quae
895 520 951 567 dc
988 520 1088 584 ipso
1119 519 1344 585 praedicta
1381 530 1478 578 est,
1514 519 1564 567 in

151 595 393 644 Bethleem
413 595 546 642 Judae
572 596 749 661 oppido
769 606 904 643 natus
924 607 1009 644 est.
1032 597 1257 644 Praeclara
1272 633 1286 656 ,
1311 606 1364 643 ut
1381 613 1564 644 veraces

153 673 412 737 Scripturas
443 673 688 731 referunt,
730 679 857 739 signa
898 684 1116 721 nascente
1151 674 1342 722 Christo
1376 674 1565 721 coelitus

153 761 335 799 ostensa
357 763 469 799 sunt
489 771 500 808 ;
530 762 577 800 et
599 752 750 818 angeli
776 753 833 800 de
857 753 1003 800 salute
1029 752 1279 800 hominum
1302 753 1377 816 pie
1399 763 1565 817 gratu-

152 829 302 877 lantes
335 831 613 877 cecinerunt
643 851 653 876 :
688 830 855 877 Gloria
894 833 942 877 in
978 832 1224 878 altissimis
1262 831 1395 889 Deo,
1435 842 1478 877 et
1517 831 1566 876 in

154 918 277 954 terra
292 925 401 973 pax
425 907 696 955 hominibus
724 909 862 955 bonoe
884 908 1181 955 voluntatis!
1202 908 1275 972 (2)

217 984 362 1031 Anno
389 985 546 1049 itaque
569 984 765 1032 Caesaris
788 985 986 1050 Augusti
1013 1001 1134 1040 XL113
1157 983 1214 1030 ab
1239 985 1437 1031 interitu
1454 1000 1568 1031 vero

154 1059 418 1124 Cleopatrae
441 1070 489 1107 et
512 1059 738 1117 Antonii,
767 1060 960 1125 quando
984 1070 1031 1107 et
1055 1061 1289 1126 AEgyptus
1309 1060 1357 1106 in
1373 1060 1571 1124 provin·

154 1135 275 1182 ciam
303 1153 433 1183 versa
470 1146 568 1194 est,
600 1151 784 1193 xxv111;
825 1135 1109 1201 olympiadis
1149 1153 1263 1184 vero
1302 1135 1571 1184 centesimae

154 1213 472 1278 nonagesimae
504 1214 657 1260 tertiae
686 1231 815 1261 anno
844 1215 1012 1271 tertio;
1045 1213 1104 1260 ab
1128 1213 1247 1262 urbe
1269 1223 1427 1261 autem
1450 1229 1573 1261 con-

153 1290 249 1337 dita
275 1308 456 1348 necui,
481 1291 527 1339 id
545 1302 614 1339 est
632 1309 689 1339 eo
701 1309 829 1340 anno
849 1309 966 1358 quo,
989 1292 1267 1357 compressis
1291 1301 1574 1339 cunctarum

155 1384 240 1430 per
262 1367 430 1414 orbem
451 1378 590 1415 terrae
604 1369 819 1433 gentium
839 1369 1049 1416 motibus
1063 1405 1076 1426 ‚
1099 1368 1413 1415 firmissimam
1428 1367 1572 1416 veris-

156 1444 416 1509 simamque
452 1462 615 1508 pacem
649 1445 952 1493 ordinatione
984 1446 1068 1492 Dei
1106 1444 1260 1495 Caesar
1291 1444 1573 1492 Octavianus

157 1522 425 1585 composuit
441 1557 454 1578 ,
490 1522 620 1569 Jesus
657 1521 873 1568 Christus
910 1521 1035 1568 filius
1073 1522 1156 1569 Dei
1192 1532 1371 1569 sextam
1404 1520 1572 1568 mundi

157 1607 343 1644 aetatem
368 1597 573 1645 adventu
596 1615 681 1646 suo
704 1600 997 1646 consecravit
1015 1599 1107 1663 (3).
1138 1598 1212 1645 Ab
1241 1599 1382 1646 initio
1404 1597 1572 1645 mundi

204 1820 254 1863 (ι)
281 1818 319 1852 Ρ.
340 1817 522 1865 Sulpicius
540 1819 746 1863 Quirinius.

203 1880 252 1923 (2)
280 1878 362 1912 Luc.
383 1889 430 1920 Π,
458 1881 554 1920 1-14.

202 1936 253 1982 (3)
280 1938 325 1972 La
352 1938 537 1972 naissance
560 1937 606 1971 de
630 1937 884 1972 Jesus-Christ
905 1944 960 1972 est
984 1937 1106 1984 placee
1133 1938 1179 1971 ici
1198 1936 1490 1971 conformement
1507 1948 1576 1971 aux

157 1997 412 2043 supputations
431 1996 738 2044 chronologiques
757 1995 802 2030 de
827 1995 922 2030 Bede
947 1995 1036 2030 dans
1062 2007 1127 2030 son
1153 1996 1262 2031 traite
1278 1995 1334 2030 De
1350 2007 1418 2030 sex
1436 1994 1576 2030 AEtati-

158 2056 224 2090 bus
245 2055 396 2099 Mundi,
417 2056 644 2090 c'est-a-dire
661 2069 707 2091 en
724 2056 864 2091 l'annee
883 2054 949 2103 752
974 2056 1019 2091 de
1038 2056 1069 2090 la
1088 2055 1278 2091 fondation
1296 2055 1341 2091 de
1361 2055 1491 2090 Rome.
1514 2054 1577 2091 On

157 2116 225 2150 sait
243 2128 314 2163 que
344 2116 430 2150 c'est
455 2115 553 2150 l’une
578 2115 641 2152 des
665 2115 766 2151 dates
792 2116 1000 2164 auxquelles
1028 2128 1076 2150 on
1102 2123 1192 2163 peut
1215 2116 1248 2151 la
1275 2122 1466 2163 rapporter
1493 2127 1576 2152 avec

157 2175 314 2222 quelque
333 2175 634 2220 vraisemblance‚
661 2177 750 2211 mais
775 2176 866 2224 qu'il
891 2183 945 2211 est
970 2188 1135 2211 convenu
1153 2176 1270 2223 parmi
1294 2175 1345 2211 les
1368 2182 1506 2211 savants
1530 2174 1576 2210 de

159 2235 276 2268 snivi-e
301 2234 621 2279 habituellcment,
650 2235 789 2282 malgre
818 2247 855 2270 sa
879 2235 1033 2270 faussete
1059 2234 1295 2277 demontree,
1326 2233 1360 2269 le
1387 2228 1502 2269 calcal
1529 2233 1577 2269 de

160 2292 271 2326 Denis
308 2291 340 2326 le
368 2293 490 2334 Petit,
523 2294 585 2341 qui
624 2294 657 2328 la
691 2293 791 2341 place
824 2306 869 2328 en
899 2293 1039 2328 l'annee
1065 2292 1145 2341 754.
1178 2292 1337 2329 Orderic
1366 2292 1467 2330 Vital
1494 2292 1578 2328 s'est

159 2351 302 2396 trompe
322 2349 430 2385 d’une
450 2350 657 2399 olympiade
675 2351 764 2387 dans
784 2364 847 2387 son
867 2351 999 2396 calcul,
1015 2358 1051 2387 et
1071 2358 1166 2387 cette
1186 2351 1283 2386 faute
1298 2350 1348 2385 lui
1369 2351 1578 2399 appartient

158 2422 202 2444 en
223 2421 356 2456 propre
369 2438 378 2453 ‚
396 2411 551 2459 puisque
569 2412 664 2447 Bede
679 2412 799 2448 l’avait
815 2413 929 2448 evitee
943 2425 988 2447 en
1003 2411 1198 2459 indiquant
1213 2411 1246 2445 la
1264 2411 1448 2447 troisieme
1461 2411 1577 2447 annee

158 2467 203 2501 de
220 2468 251 2502 la
271 2472 347 2515 '94‘
365 2476 401 2503 et
419 2482 490 2504 non
509 2470 554 2505 de
572 2471 604 2506 la
624 2469 701 2519 193‘
713 2471 920 2520 olympiade
933 2483 1075 2506 comme
1088 2469 1376 2517 coi-respondam
1389 2471 1410 2505 ‘a
1424 2468 1497 2505 l’an
1508 2467 1575 2518 752

158 2525 203 2559 «le
224 2525 352 2560 Rome.
376 2526 403 2560 ll
424 2528 541 2562 aurait
564 2529 651 2564 fallu
670 2530 785 2575 aussi,
811 2531 966 2578 puisque
986 2541 1051 2564 nos
1073 2528 1168 2563 deux
1186 2534 1333 2563 auteurs
1350 2527 1578 2564 s'arretaient

159 2588 176 2618 a
191 2598 230 2620 ce
250 2585 396 2620 dernier
416 2587 555 2629 clniffre,
577 2597 742 2637 compter
760 2590 1048 2638 quarante-trois
1066 2600 1130 2623 ans
1144 2588 1274 2635 depuis
1293 2588 1441 2624 l’entree
1460 2587 1574 2623 d’Au-

161 2651 263 2690 guste
281 2657 347 2679 aux
362 2646 503 2681 affaires
515 2676 523 2689 ,
550 2655 584 2682 ct
608 2661 680 2683 non
699 2649 993 2696 quarante-dcux
1008 2660 1148 2684 comme
1165 2647 1239 2682 l'un
1253 2676 1262 2691 ,
1290 2660 1336 2682 ou
1359 2646 1574 2683 trente-huit

160 2716 300 2738 somme
321 2705 447 2738 l'autrc·
