1738 3043
127 203 146 241 4
155 204 203 242 28
495 201 735 241 HISTORIA
766 202 1166 244 ECCLESIASTICA.

125 282 361 330 excitavit.
385 281 505 328 Nam
528 284 642 328 dum
658 283 928 330 Ravennam
949 294 1283 342 reverteretur,
1304 287 1457 333 tenuit
1470 288 1535 335 ci-

127 360 292 405 vitates
314 377 421 423 quae
440 377 462 404 a
492 359 812 424 Langobardis
835 360 1135 419 tenebantur,
1163 362 1377 409 Sutrium
1400 363 1536 412 vide—

127 436 236 481 licet
275 453 326 481 ac
370 435 725 494 Polimartium,
764 437 1026 494 Ameriam,
1066 439 1302 486 Perusiam
1343 449 1391 486 et
1427 439 1536 487 alias

125 514 300 577 plures.
334 514 471 561 Unde
502 515 736 580 Agilulfus
769 534 850 563 rex
889 517 1021 563 valde
1064 517 1206 564 iratus
1245 535 1353 564 cum
1382 516 1538 565 valido

124 592 336 638 exercitu
359 593 595 640 Perusiam
622 594 784 658 petiit,
809 593 966 659 ibique
994 595 1331 642 Maurisionem
1350 595 1539 659 Lango-

124 669 383 718 bardorum
407 671 602 728 ducem,
634 672 716 736 qui
749 690 796 719 se
827 673 1050 719 Romanis
1085 673 1360 730 tradiderat,
1398 671 1540 721 obse-

126 747 220 806 dit,
260 760 306 795 et
339 759 446 813 post
479 749 661 814 aliquot
690 750 786 797 dies
811 761 1000 815 captum
1034 751 1281 798 confestim
1317 751 1536 815 peremit.

127 829 234 874 Non
269 827 422 874 multo
453 837 559 891 post
593 825 673 874 ubi
708 828 932 874 Ticinum
965 828 1228 891 repedavit,
1256 827 1394 875 beato
1424 845 1541 893 papa

128 903 362 970 Gregorio
381 916 670 970 procurante
689 922 797 952 cum
812 905 1033 952 Romanis
1047 905 1361 952 firmissimam
1377 923 1541 971 pacem

126 983 323 1046 pepigit.

192 1061 375 1108 Eodem
395 1071 608 1126 tempore
627 1060 789 1108 beatus
813 1079 930 1126 papa
953 1062 1211 1127 Gregorius
1232 1062 1363 1108 misit
1384 1078 1542 1110 servos

129 1139 244 1196 Dei,
292 1140 554 1197 Mellitum‚
589 1139 910 1205 Augustinum
957 1151 1003 1187 et
1040 1141 1299 1197 Joannem,
1338 1151 1386 1188 et
1425 1140 1541 1188 alios

126 1216 286 1281 plures
306 1234 413 1263 cum
433 1218 496 1263 eis
514 1217 731 1265 timentes
749 1217 1033 1276 Dominum,
1058 1222 1106 1263 in
1126 1217 1463 1282 praedicatione
1485 1216 1544 1264 ad

128 1306 318 1358 gentem
353 1294 646 1358 Anglorum‚
678 1305 732 1341 ut
765 1306 1064 1343 converteret
1086 1312 1164 1342 eos
1195 1294 1251 1341 ad
1283 1295 1544 1342 Dominum

129 1383 345 1418 nostrum
370 1373 529 1419 Jesum
552 1372 811 1419 Christum.
835 1373 946 1420 Post
969 1373 1117 1419 multa
1137 1384 1184 1420 et
1206 1390 1373 1438 magna
1400 1389 1544 1437 opera

131 1449 179 1496 in
198 1449 383 1495 basilica
399 1449 522 1497 beati
541 1451 666 1498 Petri
688 1451 887 1515 apostoli
908 1461 1016 1498 ante
1033 1452 1332 1498 secretarium
1352 1460 1420 1498 1v⁰
1441 1449 1544 1497 idus

129 1528 286 1573 martii
319 1528 527 1591 sepultus
559 1538 642 1575 est.
680 1528 768 1574 Hie
805 1527 1044 1575 ordinavit
1078 1529 1321 1592 episcopos
1351 1546 1436 1592 per
1463 1527 1543 1574 di-

128 1622 256 1651 versa
278 1605 376 1651 loca
398 1621 494 1651 an
510 1641 523 1662 ,
547 1616 593 1652 et
613 1606 805 1652 cessavit
821 1605 1113 1669 episcopatus
1131 1604 1371 1652 mensibus
1389 1622 1419 1652 v
1443 1604 1544 1652 die-

130 1681 216 1727 bus
240 1697 360 1727 xvm
382 1682 475 1746 (i).

176 1936 225 1980 (i)
250 1933 292 1980 (3
309 1935 515 1981 septembre
533 1934 667 1982 590-12
686 1947 780 1969 mars
796 1934 896 1978 604.)
921 1934 972 1970 Ce
995 1934 1086 1968 n⁷est
1103 1934 1207 1981 point
1222 1932 1256 1968 le
1278 1933 1365 1980 pere
1388 1932 1433 1968 de
1451 1934 1546 1969 saint

130 1996 332 2043 Cre-gone,
360 1997 448 2030 mais
468 1996 659 2031 lui-meme
676 1997 738 2043 qui
759 1996 814 2030 sut
833 1996 980 2042 prete—ur
997 1994 1041 2029 de
1060 1994 1187 2029 Rome.
1205 1994 1278 2029 Son
1294 1993 1481 2041 pontificat
1499 2006 1545 2030 ne

131 2055 382 2102 correspondit
406 2067 467 2102 pas
494 2068 537 2089 au
565 2056 675 2102 regne
700 2054 744 2090 de
771 2055 905 2089 Tibere
927 2055 1163 2097 Constantin,
1192 2054 1280 2088 mais
1300 2053 1500 2088 seulement
1524 2055 1546 2088 a

130 2127 215 2148 ceux
235 2114 279 2148 de
304 2115 464 2149 Maurice
479 2122 515 2149 et
533 2114 577 2149 de
591 2115 744 2149 phocas.
767 2115 832 2149 Les
847 2126 1021 2159 ouvrages
1037 2112 1082 2147 de
1101 2120 1158 2148 cet
1175 2112 1315 2148 illustre
1329 2112 1480 2147 docteur
1499 2112 1545 2148 de

132 2165 276 2218 1‘122g1ise
300 2180 364 2207 ont
381 2175 438 2207 ete
457 2174 580 2207 reunis
596 2185 640 2207 en
663 2176 680 2215 4
700 2172 858 2207 volumes
875 2171 1024 2207 in-solio
1040 2172 1182 2216 (Paris,
1209 2169 1322 2219 1705).
1340 2169 1545 2208 L'addition

132 2231 217 2265 saite
236 2245 299 2278 par
318 2232 367 2266 lui
388 2245 456 2267 aux
478 2232 616 2279 pai-oles
640 2232 689 2266 du
711 2244 825 2266 canon
852 2239 934 2275 eut,
958 2231 1100 2274 dit-on,
1120 2243 1213 2278 pour
1227 2243 1349 2275 cause,
1368 2230 1418 2265 les
1436 2229 1544 2277 perils

132 2289 176 2323 de
193 2290 306 2323 llonw
327 2291 485 2337 pendant
506 2291 537 2325 le
552 2292 647 2337 siege
663 2290 707 2325 de
722 2297 816 2324 cette
830 2290 911 2324 ville
925 2303 989 2337 par
1003 2290 1176 2337 Agilulse.
1194 2291 1240 2325 Le
1254 2291 1390 2337 patrice
1404 2289 1543 2324 romain

132 2348 186 2382 sut
206 2362 360 2396 exarque
389 2349 433 2383 de
455 2349 524 2396 590
549 2353 567 2384 a
590 2349 678 2398 597,
701 2357 737 2384 et
765 2350 947 2384 contraria
973 2356 1239 2384 constamment
1261 2349 1310 2384 les
1332 2347 1542 2384 deman-ebes

132 2408 327 2455 pacifiques
350 2408 394 2443 de
414 2410 506 2443 saint
525 2409 715 2455 Gregoire.
736 2410 800 2444 Les
819 2409 918 2445 villes
936 2411 1120 2444 nommers
1145 2410 1189 2444 ici
1209 2417 1291 2445 sont
1308 2407 1542 2456 aujourd’hui

132 2469 232 2503 Sutri
246 2496 254 2509 ‚
278 2469 464 2510 nomano,
486 2469 625 2504 Amelia
643 2477 679 2504 et
697 2470 867 2504 I'erouse.
895 2471 959 2505 Les
983 2472 1212 2505 e'venements
1234 2470 1297 2517 qui
1322 2469 1371 2503 les
1393 2480 1542 2503 concer—

132 2535 220 2562 nent
237 2535 318 2562 sont
334 2527 379 2562 de
394 2527 460 2575 595
474 2556 481 2570 ‚
501 2542 640 2564 comme
660 2529 691 2564 lc
705 2530 801 2575 siege
818 2529 862 2565 de
877 2530 1004 2573 Rome,
1023 2530 1084 2578 qui
1105 2543 1149 2565 en
1168 2529 1267 2564 futla
1282 2528 1396 2570 suite;
1415 2527 1446 2562 la
1462 2528 1543 2574 paix

132 2601 215 2622 avec
234 2588 284 2623 les
303 2588 498 2623 Lombards
517 2590 614 2624 n‘vut
631 2590 703 2624 lieu
719 2591 826 2638 qu'en
845 2589 925 2638 598.
943 2590 1012 2625 Sur
1029 2590 1060 2625 la
1076 2590 1221 2624 mission
1241 2588 1286 2623 de
1303 2588 1395 2622 saint
1408 2588 1542 2623 Austin

132 2655 168 2682 et
187 2648 232 2682 de
252 2661 305 2683 ses
322 2661 566 2696 compagnons
584 2662 628 2684 en
646 2650 882 2696 Angleterre,
904 2662 1009 2696 voyez
1027 2648 1222 2691 ci-dessus,
1243 2647 1266 2681 l.
1284 2653 1334 2690 ιη,
1349 2660 1385 2694 p.
1408 2645 1486 2691 135,
1505 2654 1544 2682 et

133 2720 194 2742 sur
206 2707 238 2742 le
253 2708 419 2744 tonibcau
433 2708 477 2744 de
491 2710 582 2744 saint
594 2710 775 2755 Gregoirc
791 2708 879 2744 dans
891 2708 1024 2755 l'eglisc
1037 2707 1080 2742 de
1093 2706 1348 2749 Saint-Pierrc,
1364 2705 1540 2754 Aringhi„
