1738 3043
159 199 236 235 :iiio
528 195 770 234 HISTORIA
800 194 1202 234 ECCLESIASTICA.

157 279 240 333 =sit,
271 293 360 340 qua
397 275 541 320 Filius
572 276 654 321 Dei
689 274 744 321 ad
781 274 1021 322 dexteram
1060 276 1210 323 Patris
1248 277 1294 322 in
1331 288 1574 343 assumpto

158 354 351 399 homine
375 352 610 409 ascendit,
636 351 891 400 adventum
915 370 1107 418 quoque
1131 354 1334 418 Spiritus
1355 354 1572 403 Paracliti

156 449 297 494 snper
328 430 566 495 apostolos
594 431 641 476 in
670 431 814 495 igneis
850 430 1021 495 linguis
1045 432 1308 491 enarravit,
1339 450 1437 497 quo
1468 434 1575 498 pri-

157 510 320 555 mitiva
345 509 551 556 Ecclesia
579 509 808 555 illustrata
837 509 1040 573 gloriose
1075 509 1373 574 splendescit.
1412 511 1467 558 In
1504 510 1577 559 his

156 585 343 633 «luobus
362 585 495 632 libris
519 587 658 633 Lueae
682 586 939 650 spiritualis
962 585 1184 632 archiatri
1207 603 1317 633 vera
1343 587 1576 635 medicina

158 664 419 720 iuvenitur,
449 681 540 728 qua
576 663 766 711 lethales
802 662 958 710 morbi
992 674 1297 728 peccatorum
1325 663 1576 728 depellun-

159 753 256 798 tur,
284 752 331 788 et
355 742 508 788 vitalis
528 742 726 806 justitiae
761 741 1023 789 remedium
1046 743 1122 807 pie
1147 741 1473 807 quaerentibus
1498 743 1578 790 in-

156 819 356 883 geritur.
385 819 583 882 Scriptis
620 819 778 882 itaque
808 828 854 865 et
879 818 1076 884 eloquiis
1107 818 1270 865 beatus
1303 821 1451 866 Lucas
1482 821 1578 867 Do-

158 896 343 941 minum
380 894 678 953 enuntiavit,
715 905 762 940 et
804 895 966 941 lumen
1002 894 1212 942 veritatis
1249 894 1577 960 ignorantibus

158 974 412 1020 intimavit.
459 974 588 1019 Inter
625 983 793 1020 caetera
833 972 1060 1019 miracula
1098 990 1205 1038 quae
1240 972 1383 1035 fecit,
1424 973 1579 1020 fertur

158 1051 288 1117 quod
306 1061 555 1097 mortuum
575 1050 622 1096 in
645 1049 840 1098 nomine
859 1050 1055 1098 Domini
1073 1050 1438 1098 resuscitaverit.
1459 1051 1580 1097 Tan-

157 1130 264 1175 dem
297 1145 404 1174 cum
436 1126 679 1192 octoginta
716 1137 763 1174 et
787 1127 934 1173 trium
967 1137 1085 1174 esset
1112 1144 1380 1185 annorum,
1409 1127 1458 1174 in
1492 1127 1580 1173 Bi-

160 1206 325 1272 thynia
343 1206 526 1270 Spiritu
546 1205 721 1252 Sancto
739 1205 906 1269 plenus
922 1215 1005 1252 xv⁰
1021 1205 1112 1251 kal.
1137 1204 1411 1253 novembris
1427 1203 1576 1263 obiit3

160 1286 292 1347 cujus
332 1301 433 1330 ossa
466 1301 575 1329 cum
600 1282 781 1329 ossibus
806 1283 953 1329 sancti
979 1282 1181 1330 Andreae
1205 1282 1405 1347 apostoli
1435 1294 1483 1330 et
1501 1283 1583 1329 Ti-

160 1361 339 1409 mothei
365 1360 582 1425 discipuli
610 1361 738 1407 Pauli
761 1360 989 1425 apostoli,
1019 1370 1103 1406 xx⁰
1127 1360 1391 1408 Constantii
1426 1361 1581 1425 impe*-

160 1439 332 1485 ratoris
348 1455 494 1497 anno,
518 1437 988 1501 Constantinopolim
1004 1442 1093 1484 V11⁰
1110 1437 1212 1484 idus
1229 1438 1339 1485 maii
1360 1438 1581 1485 translata

161 1527 272 1563 sunt
297 1518 391 1580 (1).

227 1593 385 1638 XVII.
409 1594 528 1639 Ecce
552 1603 825 1638 sanctorum
845 1592 1174 1656 apostolorum
1195 1603 1242 1639 et
1260 1591 1581 1656 Evangelista-

162 1689 295 1728 rum,
324 1671 405 1735 qui
432 1671 646 1718 convivae
673 1670 926 1718 Salvatoris
948 1670 1144 1717 fuerunt
1170 1681 1216 1717 et
1245 1670 1383 1728 socii,
1415 1669 1579 1717 eodem

162 1749 369 1796 Domino
402 1749 630 1813 largiente
657 1750 910 1812 juvamen,
937 1748 1237 1795 mentionem
1261 1746 1467 1795 libenter
1483 1749 1582 1812 jam

161 1826 278 1882 feci3
308 1836 354 1873 et
374 1843 540 1874 eorum
566 1826 641 1890 pia
667 1835 820 1891 gesta,
843 1835 991 1889 prout
1014 1825 1178 1890 potui,
1207 1823 1418 1872 breviter
1441 1834 1584 1889 atque

162 1904 392 1951 veraciter
423 1903 480 1951 de
516 1904 711 1951 dirersis
750 1902 991 1952 codicibus
1029 1903 1221 1968 collegi,
1263 1914 1310 1950 et
1345 1903 1394 1949 in
1431 1919 1583 1949 unum

162 1981 278 2028 mihi
307 1982 535 2046 congessi.
564 1980 731 2028 Adhuc
763 1992 907 2029 restat
935 1992 989 2028 ut
1013 1982 1071 2029 de
1099 1980 1238 2029 beato
1270 1980 1475 2028 Martiali
1501 1983 1583 2029 Le-

162 2061 420 2107 movicensi
461 2059 643 2124 aliquid
669 2077 958 2117 memorem;
998 2060 1080 2125 qui
1113 2059 1366 2124 praecipuis
1398 2058 1584 2123 pollens

160 2135 422 2182 virtutibus
448 2137 573 2183 inter
602 2137 833 2184 maximos
863 2135 1065 2183 habetur
1091 2147 1200 2200 post
1226 2135 1463 2200 apostolos
1484 2135 1584 2182 cla-

162 2214 390 2260 rissimus.
426 2213 575 2259 Multa
601 2213 795 2278 quidem
825 2214 881 2260 de
916 2213 999 2260 illo
1031 2213 1340 2271 Aurelianus,
1379 2231 1522 2279 quem
1556 2231 1581 2259 a

164 2291 366 2337 mortuis
387 2291 433 2336 in
455 2291 650 2337 nomine
670 2291 861 2338 Domini
890 2290 1274 2348 resuscitaverat,
1301 2291 1453 2337 veraci
1472 2289 1582 2337 stilo

209 2463 259 2504 (ι)
284 2460 380 2494 (lest
399 2472 469 2493 une
488 2460 637 2506 opinion
659 2473 766 2507 reque
783 2461 873 2495 dans
895 2453 1057 2507 l’Eglise,
1078 2473 1150 2509 que
1169 2462 1262 2495 saint
1279 2461 1353 2495 Luc
1369 2471 1389 2494 a
1406 2458 1499 2493 ecrit
1514 2469 1579 2494 son

168 2519 335 2566 lixangile
354 2518 515 2565 pendant
531 2519 618 2566 qu’il
634 2521 722 2554 etait
736 2533 778 2554 en
800 2521 920 2555 Grece
933 2549 941 2564 ,
963 2528 999 2555 et
1013 2533 1090 2556 vers
1104 2521 1173 2555 l’an
1191 2519 1238 2556 53
1255 2519 1300 2554 de
1312 2517 1575 2554 Je'sus-Christ.

167 2580 191 2612 II
215 2592 258 2612 nv
279 2584 428 2612 mourut
447 2589 506 2624 pas
524 2590 569 2611 cn
590 2578 758 2625 bithynie
773 2608 781 2622 ,
802 2592 944 2615 comme
963 2592 1010 2615 on
1030 2579 1062 2614 le
1081 2580 1136 2614 dit
1154 2580 1218 2623 ici,
1247 2579 1336 2612 mais
1353 2589 1399 2612 cn
1416 2577 1576 2619 Acha'i'e,

165 2646 197 2671 ci.
220 2639 403 2684 peut-etri:
421 2639 439 2671 a
459 2637 599 2680 Patras,
623 2638 711 2673 ‹lans
729 2652 778 2673 un
795 2641 860 2687 age
884 2641 957 2675 tres
980 2642 1122 2675 avance.
1151 2641 1197 2674 La
1222 2637 1435 2673 translation
1460 2637 1508 2672 de
1525 2650 1581 2672 ses

165 2697 318 2743 rvliqiws
339 2711 357 2730 a
376 2696 677 2744 Constantinople
696 2705 759 2734 eut
777 2698 850 2733 lieu
869 2698 902 2732 le
919 2697 940 2734 3
960 2710 1053 2734 mars
1070 2696 1151 2745 557.
