1738 3043
648 220 800 259 LIBER
834 222 1039 261 PRIMUS.
1506 227 1557 263 57

135 301 299 365 populi
323 300 542 348 doctores
555 318 568 356 ;
598 317 684 364 per
706 300 869 347 decem
893 312 940 348 et
965 303 1179 367 quinque
1201 320 1359 359 mnas,
1388 304 1435 349 in
1458 303 1557 351 Do-

135 380 322 426 minum
343 377 585 426 credentes
609 378 840 442 populos;
868 397 954 444 per
977 397 1167 427 servum
1190 398 1396 446 nequam
1411 417 1424 438 ,
1452 400 1557 428 ma-

136 456 207 504 los
231 455 512 512 catholicos;
540 473 625 519 per
653 456 894 514 inimic05,
922 457 1004 522 qui
1029 457 1295 521 genuinum
1318 457 1557 506 haeredem

136 552 277 599 super
307 551 355 582 se
386 551 584 600 regnare
619 533 906 592 noluerunt,
943 535 1236 600 impietatem
1271 553 1439 583 eorum
1471 537 1555 602 qui

138 610 337 660 verbum
361 611 467 660 fidei
492 622 574 658 aut
598 629 845 678 nunquam
869 613 1057 677 audire,
1086 625 1168 661 aut
1187 614 1308 662 male
1328 616 1558 680 interpre-

138 689 282 737 tando
307 706 616 754 corrumpere
637 690 934 749 maluerunt;
958 711 1043 758 per
1060 694 1346 741 messionem
1365 694 1558 741 seminis

137 785 237 815 non
272 768 520 826 seminati,
557 786 725 817 eorum
763 770 932 828 etiam,
961 789 1080 837 quos
1117 771 1319 820 verbum
1352 773 1436 819 Dei
1469 789 1558 820 nec

136 846 298 895 audire
322 848 551 913 contigit,
579 848 935 897 discussionem.
970 850 1052 898 His
1083 852 1315 898 nimirum
1341 852 1558 916 quinque

136 926 351 987 personis
382 943 528 973 omne
561 943 708 991 genus
745 926 1032 986 humanum,
1065 928 1196 994 quod
1221 929 1270 975 in
1295 928 1370 975 die
1389 928 1557 992 judicii

136 1001 355 1049 futurum
374 1015 444 1051 est
458 1040 472 1061 ,
496 1005 798 1070 exprimitur.
822 1006 904 1052 His
924 1005 1062 1053 dictis
1076 1041 1089 1063 ,
1112 1007 1243 1054 Jesus
1261 1005 1562 1071 praecedebat

139 1080 187 1127 in
213 1081 473 1129 Jerusalem
496 1084 586 1146 (ι).

203 1157 340 1204 Solus
371 1159 608 1217 Joannes,
644 1178 753 1208 cum
786 1162 995 1208 encaenia
1030 1160 1185 1208 hieme
1224 1161 1396 1209 fierent
1428 1163 1561 1210 Jero-

139 1234 358 1300 solymis,
388 1249 734 1286 commemorat
765 1239 954 1286 Judaeos
988 1238 1158 1286 dixisse
1189 1238 1246 1285 ad
1269 1239 1428 1286 Jesum
1459 1256 1561 1284 am-

139 1310 386 1360 bulantem
416 1314 464 1360 in
494 1316 685 1379 porticu
714 1316 982 1364 Salomonis
1007 1337 1016 1362 ε
1049 1317 1314 1381 Quousque
1344 1320 1560 1362 animam

138 1400 352 1436 nostram
384 1390 545 1438 tollis?
568 1392 628 1438 Si
655 1404 704 1438 tu
734 1410 783 1439 es
814 1392 1060 1452 Christus,
1097 1393 1180 1441 dic
1209 1393 1345 1440 nobis
1366 1393 1559 1459 palam.

138 1466 253 1514 lude
286 1478 472 1532 sumpta
504 1471 867 1534 opportunitate
902 1471 1161 1528 sermonis,
1193 1470 1348 1518 dixit:
1377 1471 1492 1535 Ego
1519 1479 1565 1516 et

138 1545 293 1591 Pater
317 1563 465 1592 unum
495 1564 692 1604 sumus;
724 1558 772 1595 et
801 1548 887 1596 alia
923 1548 1140 1596 sublimia
1175 1549 1396 1614 protulit.
1423 1546 1564 1595 Unde

137 1622 287 1670 Judaei
308 1624 603 1690 malignitate
628 1627 789 1674 caecati
816 1626 992 1692 lapides
1021 1627 1343 1685 sustulerunt,
1371 1637 1426 1673 ut
1449 1625 1565 1689 lapi-

137 1700 307 1749 darent
324 1720 451 1750 eum.
473 1703 654 1751 Deinde
672 1705 848 1752 iterum
869 1716 999 1753 trans
1015 1705 1272 1753 Jordanem
1286 1741 1299 1763 ,
1328 1705 1378 1751 in
1404 1704 1565 1751 locum

139 1778 221 1824 ubi
245 1779 453 1828 Joannes
476 1782 690 1845 primum
712 1781 998 1847 baptizarat,
1027 1782 1146 1830 abiit
1169 1794 1216 1831 et
1242 1782 1338 1829 illic
1369 1780 1561 1828 mansit.

140 1856 257 1903 llluc
280 1857 420 1904 multi
442 1870 680 1906 venerunt
701 1870 748 1907 et
773 1861 821 1906 in
846 1878 956 1908 eum
980 1860 1291 1908 crediderunt
1314 1861 1406 1924 (2).

204 1934 339 1981 XIV.
359 1933 602 1982 Bethaniae
620 1938 819 1983 Lazarus
838 1937 1190 1994 infirmabatur,
1210 1956 1300 2002 pro
1320 1955 1418 2003 quo
1433 1955 1566 1986 soro-

141 2030 214 2060 res
234 2014 331 2077 ejus
349 2013 495 2060 Maria
516 2024 563 2061 et
581 2014 764 2061 Martha
783 2016 1018 2062 miserunt
1035 2016 1093 2063 ad
1111 2017 1270 2063 Jesum
1289 2052 1301 2070 ‚
1322 2015 1533 2062 dicentes
1553 2035 1563 2060 :

141 2091 374 2150 Domine,
403 2109 512 2138 ecce
535 2110 671 2157 quem
693 2111 832 2141 amas
854 2094 1141 2160 infirmatur.
1170 2093 1380 2142 Audiens
1404 2095 1535 2141 Jesns
1549 2130 1562 2151 ,

140 2167 295 2215 dixit:
323 2169 590 2235 Infirmitas
623 2171 729 2219 lzoec
764 2190 861 2220 non
896 2185 964 2220 est
992 2174 1064 2219 ad
1098 2184 1322 2232 mortem,
1361 2172 1450 2219 sed
1469 2190 1567 2239 pro

138 2247 302 2313 gloria
327 2248 445 2309 Dei,
480 2261 530 2297 ut
555 2251 854 2317 glorificetur
873 2254 926 2299 F
922 2252 1036 2299 ilius
1060 2253 1158 2299 Dei
1171 2269 1264 2318 per
1280 2269 1404 2299 eam.
1428 2252 1567 2298 Tunc

188 2436 239 2482 (ι)
258 2436 345 2471 Luc.
366 2448 442 2481 xix,
469 2437 585 2473 11-28.

187 2496 239 2542 (a)
255 2496 386 2532 Joann.
407 2508 443 2540 x,
466 2499 591 2539 ἰα-ω.
613 2496 643 2531 ΙΙ
661 2497 768 2545 s'agit
785 2509 831 2532 au
857 2504 1174 2534 commencement
1190 2496 1236 2532 de
1254 2503 1312 2532 cet
1337 2495 1454 2531 alinea
1471 2495 1516 2531 de
1535 2495 1568 2530 la

143 2555 216 2591 sete
233 2557 405 2593 instituee
422 2570 488 2605 par
509 2557 621 2593 Judas
641 2557 838 2594 Machabee
851 2586 860 2602 ‚
881 2571 927 2594 en
947 2559 1124 2594 me'moire
1141 2558 1187 2593 de
1209 2557 1242 2592 la
1264 2556 1497 2604 purification
1518 2554 1567 2588 du

143 2617 278 2664 temple
301 2620 405 2665 api-bs
424 2630 459 2653 sa
478 2619 629 2653 victoire
654 2631 716 2653 sur
735 2618 906 2654 Nicanor.
931 2620 1038 2655 Cette
1060 2619 1132 2655 sete
1155 2630 1191 2653 sc
1215 2617 1387 2653 celebrait
1409 2616 1440 2651 le
1461 2614 1502 2649 25
1524 2614 1568 2648 dc

145 2675 272 2711 casleu
284 2705 293 2720 ,
313 2678 376 2725 qui
392 2677 531 2724 repond
551 2680 570 2712 Ξι
588 2684 693 2712 notro
713 2679 801 2712 mois
819 2677 864 2715 dc
883 2678 1089 2714 decembre.
1112 2678 1235 2723 Voyez
1252 2676 1285 2712 le
1302 2676 1468 2723 chapitre
1485 2686 1503 2708 x
1518 2672 1568 2706 du

145 2733 334 2771 deuxicssmc
349 2736 437 2772 livre
455 2737 519 2771 dcc
538 2738 772 2773 Maclmbe‘cc.
