1738 3043
217 233 297 270 ‘230
585 227 828 266 HISTORIA
859 227 1264 266 ECCLEslAsTlCA.

219 319 472 375 negantem
506 324 613 354 vera
639 307 827 355 ratione
857 307 1097 364 convicit,
1126 316 1174 354 et
1199 308 1371 355 scelera
1401 309 1499 371 ejus
1527 325 1643 372 pro-

219 388 445 436 babiliter
468 386 665 434 detexit.
694 385 904 451 Populus
930 396 1087 433 autem
1113 384 1382 450 indignatus
1399 421 1412 443 ,
1432 384 1645 450 blasphe-

221 483 354 512 mum
380 465 503 511 atrio
527 463 687 527 eJ‘ecit,
716 473 763 510 et
787 473 916 510 extra
943 463 1113 510 domus
1137 462 1311 509 atrium
1330 462 1403 527 (i)
1433 462 1641 527 pepulit,

220 560 426 607 eumque
448 541 506 588 de
530 540 718 597 multis,
746 541 826 606 qui
851 539 1032 587 dudum
1056 538 1396 605 sequebantur,
1418 540 1499 587 vix
1522 557 1646 587 unus

220 620 351 685 sequi
376 619 543 683 coepit.
570 622 748 675 Porro,
777 618 943 665 Simon
975 618 1158 683 polluta
1189 630 1235 665 et
1262 616 1544 665 execrabilia
1573 634 1647 666 se-

221 708 347 745 creta
372 715 514 763 super
543 696 766 744 humeros
796 697 911 744 socii
941 697 1011 743 sui
1049 697 1299 761 imposuit,
1336 706 1647 762 metuensque

222 793 283 824 ne
307 774 627 840 deprehensus
654 773 858 839 publicis
886 773 1066 840 legibus
1097 773 1383 839 subjaceret,
1416 785 1566 822 noctu
1596 775 1647 822 in

222 871 350 901 mare
367 854 508 918 jecit,
546 870 698 917 eoque
729 853 926 900 nolente
957 853 1024 899 illi
1050 853 1295 910 comitari,
1328 869 1472 918 quem
1499 853 1649 919 pessi-

223 949 356 978 mum
386 931 697 995 impostorem
720 931 819 993 jam
844 940 1167 994 compererat,
1196 930 1398 995 aufugit.

287 1010 455 1057 Petrus
481 1018 640 1055 autem
666 1007 888 1055 Caesareae
916 1007 1070 1054 tribus
1094 1007 1337 1055 mensibus
1360 1007 1561 1066 mansit,
1604 1017 1652 1056 et

223 1085 476 1133 Zachaeum
504 1083 568 1131 ibi
592 1085 869 1149 episcopum
894 1083 1162 1140 ordinavit;
1196 1083 1653 1149 multitudinemque

224 1164 523 1212 credentium
551 1163 608 1210 ad
641 1162 804 1211 decem
840 1162 988 1209 millia
1030 1163 1078 1209 in
1110 1162 1185 1210 die
1220 1161 1341 1210 festo
1376 1161 1650 1227 baptizavit.

224 1242 338 1290 Inde
376 1243 518 1290 etiam
556 1258 624 1289 xn
659 1241 831 1289 fratres
862 1251 972 1306 post
1003 1241 1249 1289 Simonem
1285 1241 1562 1298 destinavit,
1599 1250 1655 1287 ut

226 1323 395 1369 itinera
421 1324 518 1386 ejus
542 1330 978 1386 perscrutarentur.
1008 1319 1277 1384 Sophonias
1305 1320 1437 1367 enim
1459 1328 1507 1367 et
1528 1320 1657 1367 Jose-

226 1399 373 1464 phus,
402 1397 607 1446 Micheas
628 1409 676 1446 et
698 1398 909 1455 Eleazar,
936 1397 1135 1445 Phinees
1156 1407 1200 1445 et
1219 1399 1436 1455 Lazarus,
1459 1396 1656 1443 Elizaeus

229 1486 276 1523 et
299 1476 547 1539 Benjamin
573 1474 698 1522 filius
721 1475 838 1522 Saba
855 1511 870 1532 ,
895 1475 1102 1522 Ananias
1127 1475 1252 1522 filius
1278 1473 1457 1540 Saphra
1481 1484 1529 1522 et
1550 1474 1657 1521 Ru-

227 1554 362 1601 belus
380 1553 528 1600 frater
548 1551 760 1610 Zachaei,
783 1552 1073 1600 Nicodemus
1093 1563 1140 1599 et
1159 1552 1406 1599 Zacharias
1424 1561 1654 1609 structor,

230 1630 288 1677 ab
322 1630 539 1696 apostolo
579 1631 713 1677 electi
751 1641 863 1677 sunt
899 1641 953 1676 ut
982 1629 1196 1677 fidelium
1229 1629 1524 1677 duodenario
1555 1628 1659 1676 fra—

232 1721 361 1755 trum
382 1727 585 1757 numero
611 1709 659 1755 in
682 1708 868 1756 deitatis
888 1709 1020 1756 cultu
1039 1709 1393 1773 astipularetur,
1414 1708 1660 1774 gratiaque

232 1788 314 1835 Dei
343 1788 584 1851 praecipue
610 1787 786 1845 fultus,
821 1805 990 1835 eorum
1027 1805 1221 1853 quoque
1256 1786 1549 1834 adminiculo
1581 1785 1662 1832 Si-

232 1882 429 1913 monem
456 1882 676 1929 magum,
703 1865 915 1930 aliosque
943 1865 1162 1913 inimicos
1179 1865 1380 1930 justitiae
1404 1867 1661 1930 perseque-

232 1953 384 1992 retur.

299 2022 561 2086 Completis
577 2032 736 2069 autem
756 2021 911 2068 tribus
931 2021 1173 2070 mensibus
1188 2060 1200 2084 ‚
1224 2040 1310 2087 per
1327 2022 1507 2071 Doram
1524 2020 1663 2086 oppi-

235 2099 351 2146 dum
384 2100 551 2145 Petrus
585 2099 928 2146 Ptolemaidam
961 2099 1205 2164 profectus
1242 2110 1336 2157 est3
1381 2099 1543 2164 ibique
1577 2114 1664 2163 per

235 2175 397 2223 decem
420 2174 517 2222 dies
537 2175 770 2240 populum
789 2175 872 2223 Dei
896 2176 996 2242 lege
1016 2176 1256 2223 instruens
1278 2176 1550 2223 demoratus
1571 2184 1658 2222 est.

237 2253 418 2300 Deinde
441 2253 565 2319 apud
586 2255 773 2318 Tyrum
792 2265 840 2301 et
865 2254 1093 2301 Sidonem
1117 2265 1165 2302 et
1187 2256 1419 2320 Berytum
1441 2253 1663 2301 similiter

240 2332 287 2376 in
313 2331 494 2377 satione
520 2330 668 2376 divini
697 2332 890 2378 seminis
915 2344 1173 2397 occupatus
1199 2342 1291 2390 est,
1325 2342 1471 2398 atque
1499 2343 1663 2397 postea

239 2426 348 2453 euin
377 2409 685 2456 multitudine
720 2410 925 2473 plurima
955 2411 1220 2459 electorum
1243 2430 1301 2459 ex
1325 2411 1522 2477 singulis
1545 2411 1664 2458 civi-

241 2483 415 2530 tatibus
448 2485 686 2548 Tripolim
724 2487 955 2551 ingressus
981 2500 1067 2535 est.
1095 2488 1165 2536 Ibi
1205 2490 1251 2536 in
1278 2488 1424 2536 domo
1448 2487 1662 2536 Maronis

284 2682 334 2725 (ι)
360 2682 418 2714 Au
444 2678 515 2714 lieu
541 2679 590 2713 du
616 2688 694 2715 mot
718 2685 870 2726 atrium,
900 2683 982 2718 lisez
1004 2685 1178 2731 januam,
1204 2684 1345 2733 d'apres
1372 2684 1405 2720 le
1429 2695 1579 2732 passage
1595 2682 1659 2715 (18³

240 2741 497 2787 Re'cogm'tions
521 2739 607 2774 d’ou
625 2747 719 2776 cette
737 2741 869 2788 phrase
889 2750 942 2779 est
961 2743 1064 2779 tii-ee.
