1738 3043
584 228 738 267 LIBER
764 227 1046 266 SECUNDUS.
1460 231 1540 268 233

108 323 200 362 ret.
230 313 369 359 Tunc
397 311 630 357 instinctu
656 310 767 365 Dei,
790 309 892 355 sine
914 326 1013 374 quo
1037 307 1159 356 nihil
1185 319 1282 368 cst,
1307 307 1537 356 obstinati

110 391 233 439 senis
265 401 314 438 et
345 389 560 454 conjugis
589 406 642 435 ac
670 387 883 435 filiorum
916 388 1185 453 recognitio
1209 397 1320 452 post
1352 404 1419 435 xx
1450 405 1541 435 an-

111 486 200 516 nos
227 468 349 515 facta
375 478 461 515 est.

176 547 438 594 Primarius
462 543 594 591 urbis
618 545 815 591 Petrum
839 559 950 589 cum
975 544 1069 590 suis
1099 542 1310 608 hospitio
1334 544 1544 591 retinere

113 642 295 672 summa
320 625 365 670 vi
391 633 588 671 conatus
613 633 708 679 est,
749 632 798 669 et
828 622 925 668 filia
950 624 1048 687 ejus
1065 658 1079 679 ,
1112 639 1222 686 quae
1259 639 1324 669 xx
1355 623 1492 669 annis
1518 641 1543 668 a

113 702 336 751 daemone
360 700 615 748 crudeliter
647 698 832 748 obsessa
859 699 1042 758 fuerat,
1078 700 1285 748 resoluta
1312 711 1360 748 et
1384 711 1545 747 curata

115 790 202 827 est.

180 858 263 904 His
295 855 490 916 diebuS,
516 874 626 903 cum
660 856 995 903 Faustinianus
1019 855 1331 904 Anubionem
1364 866 1413 903 et
1444 854 1548 920 Ap-

115 937 311 1001 pionem
331 935 507 984 amicos
527 952 662 992 suos,
689 937 773 1001 qui
801 953 912 982 cum
937 937 1134 983 Simone
1158 934 1547 1001 hospitabantur,

117 1013 313 1071 adisset,
342 1023 390 1060 et
422 1030 532 1059 cum
562 1013 627 1059 eis
663 1025 921 1074 coenasset,
952 1014 1111 1060 vultus
1137 1015 1235 1078 ejus
1268 1013 1318 1078 in
1350 1012 1552 1077 effigiem

118 1092 328 1139 Simonis
346 1101 447 1139 arte
470 1092 648 1156 magica
675 1091 1043 1139 transformatus
1067 1102 1165 1149 cst;
1195 1101 1243 1139 et
1262 1091 1372 1139 inde
1392 1091 1554 1138 omni-

119 1169 208 1216 bus
232 1169 393 1216 amicis
419 1171 542 1234 ejus,
570 1187 631 1217 ne
656 1171 792 1234 jussu
823 1171 1020 1217 Caesaris
1043 1187 1134 1236 pro
1165 1188 1305 1236 mago
1330 1186 1554 1234 compre—

120 1246 295 1294 hensus
318 1247 594 1312 puniretur,
622 1247 771 1294 timor
794 1247 960 1313 ingens
983 1258 1119 1295 ortus
1148 1260 1235 1296 est.
1258 1246 1440 1296 Deinde
1464 1247 1555 1294 Pe-

121 1335 225 1371 trus
246 1323 554 1372 Antiochiam
585 1324 741 1381 venit,
772 1342 796 1370 a
818 1324 1004 1390 populo
1028 1342 1139 1372 cum
1170 1325 1352 1391 ingenti
1381 1323 1555 1390 gaudio

121 1413 364 1468 susceptus
383 1401 587 1450 verbum
611 1402 696 1450 Dei
723 1402 1028 1467 praedicavit,
1057 1403 1245 1451 oblatos
1263 1402 1351 1450 sihi
1371 1403 1557 1469 langui-

122 1480 207 1529 dos
233 1481 446 1537 curavit,
478 1480 765 1546 paralyticos
793 1480 1141 1547 daemoniisque
1164 1480 1384 1547 fatigatos
1409 1490 1457 1528 et
1479 1479 1557 1527 di·-

122 1577 254 1608 versa
277 1559 489 1625 pericula
513 1559 747 1624 patientes
778 1559 976 1606 sanavit.
1010 1559 1204 1607 Infinita
1228 1560 1407 1626 quippe
1429 1558 1559 1605 mul-

125 1639 282 1686 titudo
307 1639 639 1705 languentium
671 1649 789 1686 erat.
825 1640 979 1705 Super
1008 1657 1175 1688 omnes
1212 1640 1261 1686 in
1298 1648 1560 1704 conspectu

123 1718 290 1783 populi
314 1719 482 1765 Petrus
502 1716 558 1764 ad
577 1718 845 1765 Dominum
867 1718 1138 1767 orationem
1157 1717 1283 1765 fudit
1296 1754 1310 1776 ,
1331 1728 1380 1765 et
1397 1716 1560 1764 subito

127 1797 414 1844 immensum
437 1796 600 1844 lumen
624 1797 772 1862 gratia
791 1797 875 1844 Dei
896 1797 1048 1862 plebis
1068 1798 1115 1844 in
1135 1797 1294 1845 medio
1311 1796 1557 1862 apparuit,

128 1884 176 1921 et
199 1873 454 1922 confestim
477 1891 646 1921 omnes
671 1884 879 1938 aegrotos
904 1875 1093 1921 sanitati
1126 1874 1354 1921 restituit.
1382 1873 1561 1920 Omnes

130 1954 276 2019 igitur
303 1951 596 1999 Antioclieni
630 1970 723 1998 una
757 1969 873 2000 voce
898 1952 1165 2000 Dominum
1191 1951 1393 1999 confessi
1419 1961 1557 2009 sunt,

128 2043 176 2080 et
196 2033 322 2078 intra
345 2047 411 2078 vu
430 2030 528 2078 dies
547 2030 653 2095 plus
671 2048 816 2096 quam
835 2030 998 2078 decem
1018 2030 1168 2077 millia
1190 2029 1442 2077 hominum
1463 2047 1563 2077 cre-

127 2111 292 2159 dentes
315 2112 416 2158 Deo
439 2109 666 2174 baptizati
692 2120 822 2156 sunt.

195 2187 494 2252 Theophilus
520 2197 705 2246 autem,
733 2187 816 2252 qui
844 2187 1029 2234 cunctis
1053 2186 1335 2252 potentibus
1367 2187 1416 2232 in
1442 2185 1565 2232 civi-

132 2277 227 2314 tate
249 2265 505 2313 sublimior
528 2276 655 2322 erat,
685 2266 734 2312 in
767 2283 930 2314 amore
959 2266 1043 2312 Dei
1074 2265 1333 2313 admodum
1363 2263 1562 2320 exarsit,

133 2345 401 2411 domusque
429 2361 526 2390 suae
552 2344 796 2409 ingentem
822 2342 1064 2390 basilicam
1088 2343 1190 2392 Deo
1213 2352 1460 2409 gratanter
1483 2340 1567 2389 ob-

129 2424 269 2482 tulit,
309 2441 418 2489 quae
455 2423 664 2470 ecclesiae
698 2423 901 2471 nomine
938 2433 1210 2470 consecrata
1250 2433 1346 2478 cst;
1388 2422 1439 2468 in
1473 2438 1567 2486 qua

130 2504 274 2551 Petro
308 2501 529 2568 apostolo
564 2500 623 2547 ab
657 2502 789 2549 omni
828 2501 1010 2566 populo
1046 2500 1268 2548 cathedra
1307 2500 1567 2547 constituta

132 2591 217 2629 est.
241 2581 575 2628 Faustinianus
605 2597 745 2637 vero,
775 2580 886 2625 visis
911 2578 1213 2626 mirabilibus
1245 2588 1293 2626 et
1316 2577 1569 2625 intellectis

136 2659 410 2707 coelestibus
434 2660 616 2706 arcanis
629 2696 643 2717 ,
679 2659 736 2706 ad
759 2657 900 2723 pedes
925 2658 1125 2722 apostoli
1154 2657 1309 2722 palam
1332 2654 1541 2721 procidit
1551 2673 1565 2711 ;

138 2746 185 2783 et
216 2738 413 2785 vetustis
439 2736 684 2787 erroribus
709 2735 963 2794 abdicatis,
1000 2734 1228 2801 baptizari
1265 2734 1452 2800 petivit.
1479 2732 1566 2779 Cui
