1738 3043
194 211 272 249 :362
563 204 805 243 HISTORIA
832 204 1239 257 ECCLESIASTICA.

195 290 267 336 nis
290 285 597 333 saluberrima
618 286 727 331 vitae
748 295 981 350 praecepta
1007 283 1197 349 publice
1216 284 1610 349 praedicaverunt.

198 368 335 412 Tunc
357 364 420 410 ibi
442 364 673 412 Dominus
692 364 822 411 Jesus
842 362 980 410 beato
1001 364 1141 410 Petro
1163 364 1405 427 apparuit,
1429 374 1477 411 et
1494 365 1618 411 Mar-

200 444 355 489 tialem
384 442 442 489 ad
466 442 821 507 praedicandum
842 443 1100 507 provinciis
1123 441 1386 489 Galliarum
1414 443 1618 508 dirigere

199 521 445 585 przecepit.
477 519 558 566 llle
587 537 700 567 vero
724 519 989 566 Martialem
1013 518 1068 565 ad
1095 537 1141 566 se
1164 519 1401 577 accersiit,
1431 519 1567 585 eique
1594 539 1619 567 a

200 598 300 644 Deo
326 598 550 660 imperata
574 614 660 661 per
681 594 900 643 ordinem
920 596 1172 643 enarravit.
1198 595 1305 656 Quo
1321 595 1501 653 audito,
1522 613 1623 662 gra-

202 676 322 722 viter
342 675 494 730 flevit,
519 675 630 739 quia
651 674 965 739 longinquam
986 675 1253 740 regionem,
1277 674 1624 740 hominumque

199 752 470 799 barbariem
484 752 617 799 valde
633 751 899 816 pertimuit.
919 752 1071 812 Quem
1089 751 1251 799 beatus
1268 753 1433 799 Petrus
1452 751 1624 800 blande

201 829 471 876 consolatus
497 839 567 875 est
583 865 594 884 ‚
621 846 673 873 ae
697 828 752 874 ad
776 828 1132 892 praedicandum
1154 829 1376 886 mittens,
1401 828 1558 875 divina
1581 829 1623 876 ei

203 908 502 968 monimenta
523 916 867 953 rememoratus
887 915 971 952 est.
994 905 1091 952 Nec
1115 922 1245 952 mora
1272 905 1498 953 Martialis
1516 923 1625 952 cum

201 984 389 1034 duobus
423 983 740 1049 presbyteris,
769 984 1024 1048 Alpiniano
1049 994 1097 1030 et
1124 983 1522 1041 Austrieliniano,
1551 984 1627 1030 in-

197 1065 422 1127 junctum
464 1063 554 1109 iter
585 1063 803 1127 arripuit.
840 1062 931 1109 Sed
968 1063 1184 1126 incoepto
1221 1062 1415 1119 itinere,
1445 1058 1627 1108 Austri-¹

205 1142 438 1188 clinianus
464 1140 603 1188 obiit.
633 1142 832 1188 Moestus
866 1159 978 1206 ergo
1009 1140 1235 1188 Martialis
1260 1141 1462 1188 Romam
1487 1157 1629 1205 repe-

205 1221 333 1267 davit
349 1259 360 1279 ,
384 1231 430 1267 et
453 1220 623 1268 sodalis
643 1230 849 1267 mortem
871 1221 1012 1266 Petro
1031 1219 1288 1265 nuntiavit.
1312 1219 1454 1266 Petro
1471 1228 1630 1266 autem

206 1299 538 1363 praecipiente,
565 1297 621 1344 ad
645 1297 925 1344 defunctum
949 1296 1146 1343 fratrem
1170 1297 1421 1354 remeavit,
1450 1305 1498 1343 et
1519 1311 1632 1360 apo-

206 1377 315 1423 stoli
344 1377 553 1425 bacterio
585 1377 660 1441 (1)
698 1376 911 1423 defuncti
945 1375 1197 1424 sacerdotis
1226 1375 1422 1423 cadaver
1445 1375 1628 1441 tetigit,

205 1454 289 1519 qui
309 1454 491 1501 meritis
517 1464 563 1501 et
583 1453 882 1502 orationibus
906 1465 1180 1501 sanctorum
1200 1453 1436 1501 redivivus
1455 1463 1633 1500 extem-

208 1532 291 1595 plo
318 1533 541 1579 surrexit.

273 1610 454 1657 Deinde
494 1609 725 1655 Martialis
765 1627 874 1655 cum
908 1608 1148 1672 discipulis
1188 1607 1282 1653 suis
1319 1607 1517 1654 Tullum
1555 1607 1632 1670 (2)

209 1687 455 1734 castellum
496 1688 654 1743 venit,
703 1685 864 1751 ibique
899 1685 957 1731 ab
999 1686 1206 1733 Arnulfo
1240 1685 1386 1733 divite
1427 1685 1635 1750 hospitio

210 1775 426 1829 receptus
446 1765 573 1810 binis
594 1763 835 1811 mensibus
853 1764 1048 1820 mansit,
1071 1775 1118 1810 et
1135 1761 1334 1810 verbum
1350 1763 1432 1809 Dei
1454 1780 1634 1809 annun·

212 1845 327 1890 tiare
362 1842 561 1889 studuit.
599 1841 778 1889 Multus
810 1859 924 1888 vero
957 1826 1171 1906 populus·
1193 1840 1249 1887 ad
1283 1858 1390 1887 eum
1421 1838 1636 1905 quotidie

210 1919 508 1976 confluebat,
535 1930 582 1967 et
608 1919 666 1965 ab
690 1936 747 1966 eo
771 1919 974 1966 salubria
1001 1919 1182 1967 monita
1205 1928 1448 1983 gratanter
1471 1915 1636 1966 audie-

259 2128 310 2172 (ι)
335 2126 543 2173 Synonyme
561 2124 606 2160 de
628 2125 801 2168 baculus,
822 2123 1161 2171 particulierement
1178 2122 1345 2170 employe
1360 2134 1426 2169 par
1440 2121 1490 2156 les
1505 2121 1637 2168 hagio-

214 2186 381 2233 graphes.

259 2247 310 2290 (9.)
335 2245 365 2279 Il
393 2257 438 2279 ne
457 2244 561 2289 s'agit
587 2256 650 2290 pas
678 2244 745 2285 ici,
776 2255 918 2277 comme
943 2254 991 2276 on
1015 2241 1180 2289 pourrait
1202 2240 1235 2276 le
1261 2241 1378 2276 croire
1404 2251 1451 2275 au
1475 2238 1636 2286 premier

213 2317 307 2351 coup
326 2304 442 2347 d'wil,
463 2304 508 2337 de
524 2303 555 2337 la
575 2302 658 2337 ville
674 2302 720 2336 de
734 2302 841 2336 Tulle
854 2314 899 2335 en
918 2301 1123 2343 Limomiu,
1144 2300 1235 2335 dont
1253 2300 1286 2335 le
1304 2312 1391 2335 nom
1409 2298 1499 2334 latin
1515 2310 1534 2332 a
1552 2303 1635 2332 tou-

214 2363 317 2410 jours
335 2364 392 2397 ete
413 2363 561 2403 Tutela,
583 2362 696 2409 etqui
712 2375 730 2396 a
747 2362 865 2396 meme
879 2362 984 2408 porte
997 2374 1041 2395 vn
1060 2360 1235 2408 smneais,
1250 2360 1396 2408 jusqu’a
1411 2371 1482 2394 une
1494 2359 1636 2404 epoque

217 2435 312 2457 assez
341 2423 507 2464 recente,
537 2421 630 2456 celui
659 2421 704 2456 de
730 2421 871 2456 Tuelle.
894 2421 993 2456 Nous
1017 2433 1169 2468 croyons
1195 2421 1320 2456 devoir
1343 2419 1464 2467 placer
1487 2418 1638 2452 Tullum
1672 2460 1674 2462 Ι

222 2484 393 2519 Castrum
413 2481 502 2515 dans
521 2494 569 2515 un
590 2481 661 2515 lieu
689 2482 763 2516 sort
780 2481 879 2516 eleve
903 2480 949 2516 de
973 2482 1005 2515 la
1023 2481 1194 2524 Marche,
1221 2479 1347 2528 appele
1369 2476 1488 2513 Toulx
1507 2489 1570 2511 sur
1586 2477 1638 2512 les

216 2549 334 2577 cartes
361 2540 406 2575 de
429 2540 590 2583 cassini,
617 2547 655 2575 et
677 2540 770 2576 situe'
798 2542 817 2574 ἐι
839 2539 1018 2586 plusieurs
1041 2540 1153 2575 lieues
1180 2551 1226 2573 au
1251 2537 1378 2573 N.-E.
1407 2535 1452 2570 de
1479 2535 1635 2571 Gueret.

218 2603 269 2636 M.
290 2599 476 2647 Leyraud,
496 2599 631 2646 (if-pute
654 2599 699 2634 de
720 2600 751 2633 la
771 2600 925 2643 Creuse,
953 2600 1017 2647 qui
1037 2610 1127 2634 nous
1149 2598 1196 2633 l'a
1212 2595 1385 2644 indique,
1406 2594 1527 2641 ajoute
1544 2592 1637 2642 qu’il

219 2661 268 2697 s‘v
292 2667 418 2694 trouve
438 2656 726 2704 l'emplacement
746 2657 855 2694 d’une
879 2658 1045 2693 enceinte
1066 2655 1219 2692 fortissee
1233 2682 1242 2698 ,
1269 2661 1306 2689 et
1329 2653 1518 2700 beaucoup
1535 2651 1636 2688 d‘an·

219 2720 371 2767 tiquites
390 2719 583 2754 romaitws.
