1738 3043
232 236 310 275 :334
598 232 839 272 HISTORIA
869 233 1267 272 ECCLESIASTICA.

234 316 380 363 stolus
405 324 562 360 autem
586 323 805 360 constans
829 322 876 360 et
900 312 1061 359 alacris
1084 312 1317 360 doctrinae
1334 323 1382 360 et
1405 316 1638 363 orationi-

233 393 319 440 bus
346 392 534 438 institit.
567 392 704 438 Tunc
725 390 1033 456 Ephigeniam
1056 390 1113 437 ad
1144 391 1282 454 pedes
1308 394 1403 455 ejus
1427 404 1641 457 prostra-

234 481 329 516 tam
344 487 503 516 coram
516 469 646 515 omni
663 468 842 533 populo
857 467 1116 524 benedixit,
1130 478 1176 515 et
1187 469 1396 516 velamen
1413 468 1641 535 capitibus

235 546 451 594 omnium
468 545 706 609 virginum
719 581 731 602 ‚
751 563 857 611 quae
876 545 1050 592 ibidem
1064 555 1224 603 crant,
1244 546 1487 610 imposuit.
1506 547 1645 594 Cum-

233 641 327 689 que
349 624 573 689 mysteria
599 624 817 680 Domini,
845 623 1074 671 celebrata
1108 625 1273 682 missa,
1305 625 1460 672 omnis
1493 626 1645 673 ecele-

235 701 298 746 sia
323 700 624 764 suscepisset,
654 711 701 747 et
732 701 1052 765 unusquisque
1081 701 1137 747 ad
1174 703 1418 766 propriam
1450 701 1645 750 domum

236 789 486 826 remeasset
501 798 513 834 ;
546 780 640 843 ipse
658 780 791 842 juxta
813 778 981 835 altare,
1009 777 1089 824 ubi
1117 796 1288 844 eorpus
1309 779 1501 826 Domini
1527 796 1647 827 con-

237 855 410 902 fecerat
428 891 440 911 ,
464 856 714 911 remansit,
737 855 896 919 ibique
914 855 1132 901 manibus
1148 857 1360 920 expansis
1377 873 1516 904 orans
1531 874 1649 903 mar-

240 934 420 998 tyrium
455 934 648 996 recepit.
688 932 957 996 Spiculator
993 933 1122 978 enim
1153 932 1211 978 ab
1244 934 1454 998 Hyrtaco
1483 934 1649 979 missus

237 1010 506 1074 apostolum
540 1027 564 1055 a
602 1020 732 1073 tergo
758 1020 990 1072 punctum
1024 1008 1178 1073 gladio
1210 1011 1464 1074 percussit,
1503 1021 1550 1057 et
1584 1011 1650 1057 sic

239 1085 414 1132 Christi
439 1095 700 1150 martyrem
723 1084 853 1133 fecit.
883 1084 990 1145 Quo
1016 1084 1206 1143 audito,
1236 1103 1345 1132 cum
1370 1087 1476 1152 igne
1497 1085 1554 1133 ad
1575 1105 1653 1151 pa-

240 1164 407 1210 latium
429 1162 656 1227 pergebat
681 1163 837 1210 omnis
860 1163 1088 1228 populus,
1112 1164 1191 1212 secl
1213 1164 1288 1211 vix
1313 1183 1338 1211 a
1361 1163 1652 1230 presbyteris

240 1252 287 1289 et
303 1240 607 1298 diaconibus,
634 1241 829 1306 aliisque
848 1241 1077 1306 religiosis
1098 1243 1210 1288 viris
1235 1243 1468 1290 coercitus
1490 1254 1560 1290 est
1582 1260 1655 1289 sa·

242 1321 334 1367 cris
362 1319 771 1368 admonitionibus
801 1337 861 1367 ne
884 1336 1042 1385 regem
1072 1318 1412 1368 comburerent
1433 1337 1542 1367 cum
1561 1320 1654 1367 suis

241 1396 481 1444 omnibus.
521 1398 673 1446 Porro
700 1397 990 1461 Epliigenia,
1021 1397 1248 1463 quicquid
1273 1398 1319 1443 in
1345 1414 1463 1444 auro
1496 1409 1544 1444 et
1576 1415 1656 1444 ar·-

241 1485 385 1537 gento
408 1484 454 1521 et
478 1475 674 1539 gemmis
701 1472 871 1521 habere
897 1475 1081 1538 potuit,
1113 1473 1433 1521 sacerdotibus
1458 1484 1504 1521 et
1528 1473 1656 1521 clero

244 1550 478 1606 contulit,
507 1560 559 1595 ut
595 1551 703 1596 inde
733 1551 923 1613 dignam
947 1551 1163 1613 apostolo
1190 1551 1428 1597 basilicam
1451 1550 1657 1597 fabrica-

244 1638 379 1684 rent,
424 1637 470 1673 et
512 1627 753 1673 residuum
795 1626 1079 1691 pauperibus
1117 1637 1383 1692 erogarent.
1423 1628 1657 1693 Hyrtacus

245 1721 358 1752 vero
376 1721 462 1767 per
481 1702 719 1749 nobilium
738 1721 906 1750 uxores
933 1703 1058 1749 illam
1078 1704 1209 1767 prius
1236 1704 1434 1750 tentavit
1450 1739 1463 1761 ,
1489 1703 1658 1751 deinde

244 1799 328 1846 per
364 1797 524 1845 magos
562 1779 782 1826 seducere
819 1782 1000 1845 sategit.
1042 1780 1112 1827 Ad
1151 1793 1442 1839 extremum,
1468 1781 1657 1845 quando

246 1858 367 1905 nihil
391 1857 446 1903 ad
469 1874 605 1902 suum
630 1858 907 1920 profecisset
931 1856 1148 1914 libitum,
1182 1858 1294 1905 fecit
1324 1859 1430 1923 igne
1453 1858 1659 1905 circum-

243 1936 341 1983 ‹lari
363 1936 671 2001 praetorium,
702 1937 747 1981 in
780 1952 876 2001 quo
903 1953 1011 1982 cum
1038 1935 1300 2000 virginibus
1323 1935 1498 1982 Christi
1522 1952 1659 1983 com-

246 2012 537 2069 morabatur,
572 2013 647 2059 die
686 2023 927 2077 noctuque
950 2013 1046 2060 Deo
1092 2030 1176 2059 suo
1206 2011 1538 2059 famulabatur.
1567 2012 1656 2060 Sed

245 2108 353 2137 cum
374 2107 459 2154 per
481 2089 734 2136 circuitum
754 2090 873 2154 ignis
890 2090 1100 2147 arderet,
1121 2089 1310 2155 angelus
1331 2090 1526 2136 Domini
1548 2107 1657 2136 cum

250 2179 411 2214 sancto
452 2164 681 2213 Matthaeo
723 2167 938 2230 apostolo
978 2167 1216 2230 apparuit,
1263 2183 1411 2212 sacras
1450 2167 1655 2232 virgines

248 2244 566 2299 confortavit,
600 2244 892 2308 celeremque
924 2243 1254 2291 liberationem
1279 2244 1516 2308 promisit.
1542 2244 1654 2291 Mox

246 2324 366 2368 Deus
386 2331 581 2368 ventum
601 2320 935 2367 validissimum
953 2323 1200 2381 excitavit,
1221 2339 1364 2370 omne
1383 2322 1654 2368 incendium

243 2414 266 2443 a
291 2397 435 2444 domo
466 2396 661 2460 virginis
686 2414 780 2443 suae
814 2399 1039 2455 mutavit,
1065 2409 1110 2445 et
1138 2399 1363 2463 palatium
1395 2399 1514 2460 regis
1543 2414 1654 2443 cum

244 2473 544 2522 facultatibus
586 2479 681 2537 ejus
722 2477 1033 2539 consumpsit.
1074 2478 1174 2540 lpse
1213 2487 1370 2524 autem
1407 2492 1515 2521 cum
1551 2473 1652 2521 filio

244 2554 385 2600 unico
411 2553 485 2598 vix
509 2553 675 2609 evasit5
706 2553 783 2599 sed
815 2553 921 2600 inde
947 2555 1132 2600 nullum
1159 2555 1198 2600 ei
1226 2553 1444 2618 gaudium
1479 2569 1651 2616 prove-

246 2633 334 2678 nit.
365 2630 486 2677 Nam
515 2630 666 2675 lilium
696 2633 792 2693 ejus
821 2631 1253 2678 vehementissimus
1273 2630 1462 2677 daemon
1484 2629 1651 2694 imple-

245 2711 338 2767 vit,
366 2708 623 2773 rapidoque
646 2726 786 2754 cursu
811 2709 868 2755 ad
896 2709 1104 2756 Matthaei
1131 2708 1329 2772 apostoli
1359 2707 1648 2771 sepulturam
