1738 3043
577 244 728 283 LIBER
757 244 1036 283 SECUNDUS.
1444 249 1523 286 325»

98 343 193 391 que
226 326 561 390 praecipiente,
604 324 905 389 deceptiones
945 343 1074 381 suas,
1116 324 1289 390 quibus
1324 327 1521 375 miseros

102 402 408 457 vulnerabat,
438 403 591 467 palam
615 402 856 450 coufessus
883 414 968 450 est.

166 482 304 527 Tune
321 481 563 545 apostolus
587 480 707 526 dixit
731 480 787 526 ad
808 479 995 545 plebem
1017 500 1026 526 :
1045 481 1092 528 E
1096 500 1177 528 cce
1201 500 1338 545 quem
1365 483 1520 530 Deum

91 559 345 626 putabatis
364 578 534 606 curare
554 577 660 615 vos;
684 559 852 605 audite
875 578 1004 605 nunc
1021 578 1185 607 verum
1204 562 1361 608 Deum
1387 580 1524 610 crea-

100 648 246 685 torem
281 649 510 696 vestrum,
545 639 628 703 qui
659 637 849 683 habitat
881 639 928 683 in
964 638 1121 693 coelis;
1154 651 1196 684 et
1226 642 1266 685 si
1295 640 1442 686 vultis
1476 653 1525 687 ιιι

99 733 224 761 orem
243 733 340 781 pro
363 715 522 772 vobis,
551 726 594 761 et
617 732 778 761 omnes
812 715 992 780 infirmi
1022 717 1107 780 qui
1134 717 1313 767 adsunt
1336 719 1524 764 sanita—

100 804 190 838 tem
228 793 490 858 recipiant,
529 791 620 839 hoc
656 792 840 839 idolum
875 792 1100 859 deponite
1137 805 1180 839 et
1213 795 1518 858 confringite.

102 869 250 933 Quod
273 886 379 916 cum
387 866 635 933 feceritis,
666 868 757 916 lzoc·
781 870 1007 935 templum
1030 869 1210 917 Christi
1233 872 1420 917 nomini
1440 872 1526 917 de-

98 946 300 1004 dicabo,
336 958 380 993 et
409 966 497 994 vos
531 965 692 994 omnes
723 947 803 994 hic
833 947 1121 1013 baptismate
1151 948 1332 995 Christi
1356 967 1526 996 conse-

98 1023 262 1070 orabo.
292 1023 432 1088 Regis
458 1024 615 1088 itaque
639 1026 772 1088 jussu
797 1041 962 1072 omnes
987 1024 1151 1089 populi
1180 1023 1318 1072 funes
1347 1036 1393 1072 et
1419 1035 1524 1073 tro-

98 1099 251 1147 chleas
272 1101 347 1164 (ι)
371 1101 606 1148 miserunt
622 1138 635 1159 ‚
665 1111 712 1148 et
735 1101 1043 1149 simulacrum
1069 1113 1281 1149 evertere
1305 1119 1405 1149 non
1431 1119 1524 1166 po-

99 1189 314 1225 tuerunt.
356 1179 614 1244 Apostolus
642 1191 800 1227 autem
834 1179 956 1226 dixit
980 1181 1043 1228 eis
1069 1201 1080 1226 ;
1107 1180 1286 1228 Solvite
1323 1182 1522 1228 vinc-ula

98 1258 220 1322 ejus.
248 1257 466 1323 Cumque
490 1259 650 1305 omnia
676 1259 1001 1316 exsolvissent,
1023 1259 1100 1306 ille
1114 1258 1324 1305 daemoni
1348 1276 1524 1323 praece-

97 1335 168 1399 pit
198 1345 251 1381 ut
278 1335 428 1382 exiret
459 1346 506 1383 et
532 1336 839 1382 simulacrum
861 1336 1205 1402 confringeret.
1234 1336 1297 1383 At
1320 1336 1399 1383 ille
1425 1346 1522 1382 sta-

98 1415 185 1460 tim
221 1414 394 1471 exivit,
435 1425 482 1462 et
518 1415 678 1461 omnia
717 1432 891 1480 genera
928 1414 1170 1461 idolorum
1211 1415 1517 1461 comminuit.

96 1492 272 1539 Omnes
295 1508 409 1556 ergo
433 1493 514 1556 qui
535 1491 625 1538 hoc
654 1492 878 1539 viderunt
904 1509 995 1538 una
1022 1508 1137 1539 ποορ
1161 1492 1486 1539 clamaverunt
1510 1513 1518 1536 ;

100 1570 234 1616 Unus
274 1581 343 1616 est
380 1574 506 1615 Deus
553 1572 851 1635 omnipotens
869 1607 884 1626 ,
930 1586 1067 1632 quem
1109 1568 1356 1634 proedicat
1396 1586 1523 1633 apo-

96 1647 246 1695 stolus
275 1648 380 1713 ejus
408 1646 814 1694 Bartholomaeus.
840 1646 979 1692 Tunc
1004 1644 1168 1692 heatus
1193 1645 1434 1710 apostolus
1467 1646 1525 1692 ad

97 1727 364 1774 Dominum
385 1743 554 1772 manus
579 1744 682 1771 suas
701 1724 950 1790 expandit,
974 1735 1021 1771 et
1039 1743 1128 1789 pro
1149 1724 1406 1771 salvatione
1424 1742 1523 1772 om·

97 1805 233 1851 nium
258 1804 342 1868 qui
367 1803 563 1850 aderant
584 1803 762 1849 diutius
794 1803 964 1849 oravit.
994 1804 1213 1866 Cumque
1238 1819 1404 1849 omnes
1428 1821 1523 1850 res-

97 1880 376 1947 pondissent
403 1899 413 1924 :
442 1882 626 1935 Amen,
661 1880 853 1944 angelus
888 1880 1084 1927 Domini
1118 1881 1239 1926 sicut
1261 1880 1331 1927 sol
1360 1880 1524 1944 splen-

98 1960 233 2007 didus
276 1957 453 2006 habens
479 1958 570 2004 alas
607 1958 856 2022 apparuit,
889 1968 936 2004 et
968 1975 1054 2021 per
1085 1968 1293 2022 quatuor
1326 1958 1523 2022 angulos

101 2038 264 2103 templi
287 2037 672 2092 circumvolavit,
699 2036 948 2101 digitoque
965 2053 1051 2082 suo
1072 2035 1120 2080 in
1141 2035 1380 2100 quadratis
1405 2035 1522 2080 saxis

100 2117 289 2181 signum
312 2114 465 2160 crucis
489 2112 701 2177 sculpsit.
732 2111 911 2159 Deinde
942 2112 1171 2176 praecepit
1196 2111 1260 2159 eis
1291 2122 1343 2157 ut
1371 2111 1523 2175 digito

101 2212 187 2241 suo
213 2194 401 2257 signum
420 2191 571 2238 crucis
590 2190 799 2237 facerent
820 2191 866 2236 in
885 2188 1129 2236 frontibus
1147 2189 1258 2234 suis.
1280 2190 1342 2234 Et
1361 2199 1522 2235 osten-

101 2272 173 2318 dit
219 2272 460 2335 ingentem
502 2269 785 2333 AEgyptium
827 2267 1027 2332 fuligine
1072 2266 1360 2330 nigriorem,
1406 2263 1523 2311 facie

102 2361 259 2406 acuta,
279 2348 426 2396 barba
443 2347 652 2412 prolixa,
675 2348 828 2395 crines
846 2364 994 2411 usque
1013 2345 1069 2392 ad
1088 2344 1227 2410 pedes
1248 2343 1520 2398 habentem,

104 2427 268 2476 oculos
306 2428 467 2493 igneos
500 2426 620 2472 sicut
652 2425 834 2473 serrum
876 2425 1108 2490 ignitum,
1145 2422 1372 2469 scintillas
1402 2422 1524 2468 emi-

157 2684 206 2714 (w
231 2682 399 2728 Apparvii
418 2685 433 2716 ξι
455 2695 559 2716 [mu-s
581 2694 671 2727 pour
689 2679 848 2714 wallevi-1*
865 2680 926 2714 (ivs
947 2678 1134 2716 tardi-aux,
1158 2690 1258 2720 grue.
