1738 3043
558 279 712 318 LIBER
741 278 950 318 PRIMUS.
1386 285 1455 320 171

106 358 251 406 Anno
288 359 444 425 itaque
479 357 734 407 dominicae
773 359 1110 406 incarnationis
1147 371 1459 418 nccccxmw,

42 439 185 503 Hugo
206 438 302 484 dux
323 438 371 485 in
392 455 549 502 regem
567 437 726 484 Remis
749 448 922 483 unctus
948 447 1033 484 est.
1059 437 1242 486 Eodem
1266 456 1461 504 quoque

42 534 170 564 anno
205 515 443 563 Robertus
469 515 593 562 filius
628 518 724 580 ejus
747 533 829 562 rex
860 515 1106 563 ordinatus
1131 527 1228 574 est,
1263 527 1309 565 et
1337 519 1464 583 regi-

42 594 171 641 mine
194 595 328 659 regni
354 609 537 640 xxxvlll
559 594 695 640 annis
719 592 914 640 functus
944 603 1013 640 est
1038 593 1132 657 (ι).
1166 595 1240 641 Ad
1273 605 1462 642 tantum

40 672 223 719 facinus
263 674 514 737 Ilugonem
561 671 780 736 quaedam
820 672 940 718 visio
980 672 1224 719 animavit.
1264 673 1463 720 Sanctus

41 750 167 797 enim
193 750 470 797 Gualaricus
489 748 691 814 praefato
713 749 821 796 duci
844 750 890 796 in
916 750 1101 797 Lutetia
1122 749 1240 798 urbe
1259 753 1463 799 Parisio-

41 845 149 874 rum
178 828 443 876 constituto
477 829 725 893 apparuit,
762 828 899 894 eique
921 829 1027 894 quis
1062 839 1209 886 esset,
1239 829 1311 876 vel
1349 830 1464 894 quid

41 905 204 963 vellet,
255 906 302 952 in
347 906 525 954 somnis
573 906 818 954 evidenter
868 907 1132 964 intimavit,
1182 908 1465 972 praecipiens

40 982 256 1031 videlicet
290 994 343 1030 ut
373 1002 514 1048 super
554 984 819 1031 Arnulfum
847 984 1140 1032 Flandritam
1178 1003 1287 1032 cum
1327 1004 1466 1033 exer-

40 1063 137 1109 citu
166 1062 518 1127 expeditionem
552 1062 755 1120 faceret,
798 1074 845 1110 et
880 1081 1052 1128 corpus
1089 1081 1226 1110 suum
1263 1064 1320 1110 de
1351 1081 1464 1112 mo—

38 1139 246 1187 nasterio
278 1138 499 1186 Sithiensi
520 1177 533 1197 ‚
564 1139 645 1186 ubi
677 1158 848 1204 corpus
883 1141 1031 1187 sancti
1063 1140 1246 1188 Bertini
1273 1142 1465 1206 requie-

39 1219 126 1265 scit
143 1254 157 1277 ,
183 1217 479 1279 extraheret,
509 1229 556 1266 et
577 1221 801 1284 Legonao
825 1219 1054 1268 coenobio
1081 1221 1130 1266 in
1156 1220 1459 1267 Vinmacensi

37 1314 159 1362 pago
192 1297 480 1344 restitueret.
509 1299 742 1346 Praeterea
763 1299 984 1363 promisit
1013 1299 1082 1359 ei,
1110 1300 1145 1345 si
1175 1298 1276 1346 haec
1301 1299 1363 1345 ita
1390 1298 1465 1345 fa-

39 1385 190 1431 ceret,
218 1375 349 1440 quod
376 1377 471 1441 ipse
493 1388 540 1424 et
564 1378 814 1442 progenies
837 1380 936 1443 ejus
961 1395 1110 1443 usque
1132 1377 1189 1424 ad
1213 1378 1463 1442 septimam

37 1454 392 1518 generationem
428 1454 476 1500 in
512 1455 708 1502 Francia
745 1465 983 1520 regnaret.
1024 1454 1283 1502 Gratanter
1318 1455 1467 1520 igitur

38 1532 178 1597 Hugo
196 1532 395 1596 jussioni
422 1533 608 1597 paruit,
638 1544 686 1580 et
711 1533 892 1598 impetu
916 1532 1217 1580 fortitudinis
1241 1550 1337 1579 suae
1366 1534 1467 1579 Ar-

39 1610 227 1656 nulfum
260 1611 360 1658 Deo
396 1611 587 1659 volente
621 1612 819 1669 terruit3
857 1610 1298 1677 venerabiliumque
1329 1611 1465 1658 viro-

39 1705 147 1735 rum
178 1687 413 1735 Gualarici
445 1699 492 1736 et
515 1689 751 1746 Richarii,
784 1707 892 1755 quae
924 1708 1010 1755 per
1043 1689 1297 1755 quemdam
1324 1689 1465 1736 cleri-

38 1783 146 1812 cum
171 1768 368 1814 nomine
388 1766 817 1826 Erchembaldum,
846 1778 1041 1833 accepto
1068 1767 1250 1833 ingenti
1272 1767 1430 1832 pretio
1447 1803 1461 1826 ‚

37 1994 121 2022 vent
136 1987 284 2035 qualisn}
301 1989 393 2022 aussi
409 1987 459 2022 du
478 1989 564 2024 titre
581 1988 627 2023 de
645 1996 764 2023 comte
777 1989 823 2023 de
838 1990 977 2036 Troyes
995 1996 1033 2024 et
1046 1988 1092 2024 (le
1113 1989 1255 2023 Meaux.
1272 1988 1333 2023 On
1353 1999 1463 2035 pense

38 2050 338 2083 communenicnt
366 2047 498 2095 qu'clle
528 2049 622 2082 avait
652 2061 745 2095 pour
765 2049 864 2083 nii-re
893 2048 924 2082 la
953 2049 1052 2083 rein«¹
1083 2049 1218 2095 Ogive,
1254 2047 1389 2081 mai-icc
1417 2059 1463 2081 cn

39 2107 212 2144 secondes
229 2121 335 2144 noces
353 2110 372 2143 a
390 2121 430 2143 ce
450 2116 569 2143 comte
584 2111 601 2143 Ξι
622 2108 712 2155 1’ἰι;,;(>.
729 2109 774 2144 de
794 2109 873 2157 plus
893 2109 938 2145 de
953 2109 1236 2158 quarante-cinq
1252 2121 1327 2142 ans,
1347 2108 1438 2142 Mais
1453 2136 1462 2150 ,

39 2167 128 2203 dans
146 2181 186 2204 ce
200 2180 276 2213 cas,
296 2168 364 2203 elle
380 2170 497 2203 aurait
517 2171 574 2204 ete
597 2169 627 2204 la
651 2176 750 2204 tante
768 2169 813 2204 de
833 2182 897 2205 son
921 2171 1026 2204 mari.
1048 2170 1160 2204 Leurs
1177 2169 1337 2211 ensantS‚
1356 2168 1464 2202 Louis

39 2235 75 2264 et
91 2228 262 2271 Charles‚
290 2229 354 2277 qui
379 2230 615 2276 partagfflwmt
634 2229 713 2264 leur
736 2231 906 2276 captivite
930 2232 949 2264 a
976 2229 1150 2271 ΟΥΕ-ειυς,
1175 2229 1311 2262 etaient
1330 2239 1462 2262 encore

38 2288 174 2323 vivants
191 2300 236 2323 en
258 2300 361 2335 1009,
380 2290 522 2337 e'poque
536 2289 585 2324 ou
602 2288 644 2323 ils
664 2296 746 2323 sont
766 2289 998 2324 mentionnes
1013 2301 1097 2323 avec
1118 2287 1150 2322 le
1170 2287 1224 2322 roi
1242 2286 1398 2328 ssehen,
1415 2298 1461 2321 cn

40 2347 113 2383 tete
133 2347 243 2383 d’une
261 2348 403 2383 charte.

84 2409 136 2453 (ι)
161 2409 209 2444 Le
227 2420 326 2443 sacre
343 2407 389 2442 de
412 2408 567 2455 Hugues
584 2408 701 2456 Capet
716 2416 780 2445 eut
797 2409 869 2445 lieu
894 2409 926 2444 le
951 2407 1109 2455 3juillet
1132 2407 1214 2457 987,
1235 2415 1271 2443 et
1293 2406 1387 2442 celui
1412 2406 1463 2441 du

41 2467 94 2503 roi
117 2467 277 2510 Robert‚
297 2479 361 2503 son
378 2468 450 2511 fils,
473 2469 607 2504 associe
627 2481 692 2516 par
708 2469 760 2504 lui
779 2471 800 2505 ὲ
816 2469 848 2504 la
869 2481 1076 2512 couronne‚
1096 2468 1130 2504 le
1158 2467 1358 2514 1⁸¹janvier
1375 2467 1460 2515 988.

42 2526 88 2561 Le
104 2527 218 2562 calcul
237 2527 300 2563 des
319 2530 452 2563 annees
468 2527 518 2562 du
538 2536 825 2575 gouvernement
843 2529 888 2564 de
903 2542 943 2564 ce
960 2528 1108 2563 dernier
1123 2528 1270 2576 prince,
1293 2528 1462 2574 presente

37 2596 105 2651 par
122 2593 227 2622 notre
244 2593 388 2630 auteur,
410 2594 463 2621 cst
487 2587 646 2631 inexact,
668 2588 738 2622 soit
761 2588 873 2635 qu'on
897 2601 920 2635 y
945 2599 1169 2634 compi-enne
1195 2598 1242 2621 ou
1263 2598 1336 2621 non
1356 2585 1462 2620 celles

41 2646 104 2693 qui
121 2645 172 2682 lui
189 2654 271 2682 sont
296 2660 509 2682 communes
532 2660 615 2682 avec
639 2660 702 2682 son
728 2649 832 2694 pere,
857 2659 931 2691 car,
952 2647 1043 2682 dans
1067 2646 1099 2682 le
1122 2647 1281 2694 premier
1299 2658 1374 2687 cas,
1397 2657 1461 2679 son

42 2707 153 2753 regne
169 2719 187 2741 a
210 2709 268 2742 ete'
283 2707 329 2743 de
349 2707 429 2755 plus
452 2708 498 2743 dc
515 2708 809 2756 quarante-dcux
829 2721 892 2744 ans
910 2715 947 2744 et
970 2707 1067 2743 dcmi
1081 2736 1089 2752 ,
1111 2714 1147 2743 ct
1165 2706 1254 2742 dans
1277 2706 1309 2742 le
1327 2704 1459 2740 second

44 2763 88 2799 de
107 2767 334 2802 trente-trois
353 2779 415 2802 ans
435 2768 526 2803 neus
540 2767 644 2803 mois.
