1738 3043
597 176 749 215 LIBER
779 174 1057 215 SECUNDUS.
1459 178 1534 216 4153

116 257 201 304 vit.
227 257 276 304 {n
298 257 484 303 basilica
504 257 661 304 Sancti
687 258 808 304 Pauli
836 258 1036 322 apostoli
1055 257 1266 321 sepultus
1285 267 1381 315 est,
1411 268 1535 305 tem-

114 353 234 400 pore
259 335 539 383 Theoderici
562 337 636 400 (1)
660 336 781 400 regis
810 347 857 382 ct
880 336 1086 383 Zenonis
1111 335 1332 400 Augusti,
1361 345 1408 383 et
1430 353 1534 384 ces—

121 415 239 460 savit
264 415 560 479 episcopatus
584 413 749 461 diebus
770 430 799 460 v
825 415 914 477 (2).

182 493 391 542 Gelasius
429 493 566 550 Afer,
604 510 658 540 ex
694 503 829 557 patre
866 492 1084 550 Valerio,
1123 493 1242 540 sedit
1276 494 1412 541 annis
1448 510 1533 541 vni

117 569 283 618 diebus
306 588 447 618 xviii.
475 571 562 617 Hic
590 581 774 617 amator
797 587 1059 634 pauperum
1079 571 1197 628 fuit,
1224 570 1402 618 clerum
1431 590 1537 618 am—

118 647 305 712 pliavit,
339 648 540 695 Romam
559 665 582 693 a
608 646 730 693 fame
749 656 796 693 et
817 646 1029 710 periculo
1056 645 1289 694 liberavit,
1312 648 1380 695 De
1404 651 1534 695 omni

117 725 322 773 Ecclesia
355 724 672 772 constitutum
705 723 836 772 fecit.
874 725 1073 770 Tractus
1106 734 1151 770 et
1177 724 1382 789 hymnos
1417 727 1537 772 sicut

115 802 397 850 Ambrosius
428 802 722 866 composuit,
752 812 798 849 et
825 801 973 849 libros
1006 813 1171 849 contra
1198 803 1467 869 Eutychem
1491 814 1538 851 et

115 881 390 930 Nestorium
407 917 419 937 ,
437 881 518 947 qui
534 899 664 928 nunc
684 898 833 946 usque
849 879 1155 928 bibliothecae
1168 880 1361 930 archivo
1377 892 1539 930 tenen-

117 969 198 1006 tur
219 959 481 1016 reconditi,
502 959 666 1007 edidit.
694 958 1007 1016 Manichaeos,
1029 977 1150 1025 quos
1176 961 1225 1006 in
1250 960 1369 1008 urbe
1387 963 1536 1009 Roma

119 1039 327 1097 invenit,
363 1039 506 1087 exilio
532 1037 771 1104 deportari
802 1039 1054 1104 praecepit,
1084 1051 1131 1086 et
1159 1040 1341 1087 codices
1371 1058 1537 1088 eorum

117 1127 227 1163 ante
242 1115 368 1163 fores
383 1114 587 1162 basilicae
606 1115 791 1164 Sanctae
809 1116 972 1162 Mariae
990 1117 1328 1163 concremavit.
1345 1118 1539 1164 Petrum

117 1206 166 1242 et
185 1194 440 1242 Achatium
465 1195 512 1254 in
538 1204 823 1259 perpetuum
842 1194 1110 1251 damnavit,
1138 1195 1173 1240 si
1201 1213 1299 1242 non
1324 1197 1539 1260 poenite—

117 1282 254 1329 rent,
282 1289 338 1319 eo
357 1270 487 1337 quod
504 1271 655 1318 multa
679 1271 798 1318 mala
817 1282 864 1319 et
882 1270 1134 1318 homicidia
1154 1290 1237 1336 per
1254 1290 1331 1320 eos
1350 1272 1535 1320 fierent.

119 1351 381 1416 Episcopos
403 1367 532 1398 van
557 1350 813 1398 ordinavit.
839 1352 891 1396 In
916 1349 1104 1397 basilica
1131 1349 1253 1397 beati
1272 1353 1395 1399 Petri
1422 1370 1541 1416 apo—

120 1427 230 1476 stoli
251 1431 321 1475 xl⁰
344 1428 436 1475 kal.
457 1427 721 1476 decembris
739 1428 948 1493 sepultus
967 1439 1061 1486 est,
1082 1438 1129 1475 et
1147 1429 1341 1476 cessavit
1359 1429 1537 1494 episco—

118 1517 256 1571 patus
280 1506 445 1554 diebus
469 1524 534 1554 vn
555 1507 649 1571 (3).

183 1587 454 1634 Anastasius
489 1587 759 1643 Romanus,
797 1602 852 1632 ex
888 1595 1021 1649 patre
1052 1585 1218 1643 Petro,
1257 1585 1315 1632 de
1346 1587 1541 1652 regione

120 1664 290 1729 quinta
332 1664 495 1731 Caput
539 1664 717 1721 Tauri,
756 1662 875 1709 sedit
912 1679 1040 1709 anno
1080 1679 1176 1709 uno
1212 1663 1453 1710 mensibus
1491 1681 1539 1710 xl

168 1864 219 1908 (1)
246 1862 344 1897 Lisez
366 1876 371 1894 :
400 1858 630 1895 Theodorici.

169 1924 220 1969 (2)
244 1924 279 1968 (¹2
301 1932 396 1956 mars
417 1918 552 1963 485-24
572 1930 619 1953 ou
638 1917 681 1953 25
700 1917 831 1953 sevi-ier
851 1918 948 1964 492.)
968 1917 1016 1951 Le
1032 1917 1117 1951 titre
1140 1917 1185 1951 de
1203 1917 1373 1952 Fasciola
1396 1919 1483 1953 etait
1508 1919 1540 1952 lu

124 1984 243 2019 meme
261 1995 332 2031 que
357 1981 449 2016 celui
473 1980 519 2015 de
541 1979 634 2014 saint
653 1978 770 2013 Neree
788 1984 825 2013 et
847 1978 940 2011 saint
960 1976 1136 2011 Achillee.
1164 1978 1229 2012 Les
1252 1977 1365 2024 legats
1386 1978 1486 2014 Vita!
1505 1986 1540 2014 ct

124 2045 264 2080 Misene
282 2043 482 2078 arrivewnt
500 2043 519 2075 ἐι
532 2038 834 2085 Constantinoplc
848 2051 893 2072 cn
913 2037 992 2080 484.
1017 2037 1068 2073 Ce
1087 2037 1175 2072 n'est
1193 2038 1297 2084 point
1309 2040 1328 2072 a
1343 2037 1517 2073 lleraclee
1530 2065 1539 2082 ‚

125 2104 215 2138 mais
240 2114 310 2138 aux
335 2099 567 2136 Dan-‹lanelles
592 2098 698 2147 qu'ils
725 2098 849 2132 sui-ent
876 2097 1013 2131 arri-tes
1041 2108 1104 2144 par
1126 2096 1235 2131 ordre
1259 2096 1304 2131 de
1324 2096 1541 2144 l'empcrcui·

126 2166 266 2200 Zenon.
284 2165 333 2199 Le
348 2161 487 2198 concile
505 2161 554 2195 ou
573 2159 615 2195 ils
635 2160 757 2194 sui-ent
774 2158 1062 2200 excommunies,
1087 2158 1180 2192 aussi
1204 2158 1287 2193 hicn
1309 2158 1489 2205 qu’Acaee
1507 2166 1543 2194 et

125 2237 197 2273 que
213 2224 339 2259 Pierre
355 2223 513 2268 Mongus
525 2248 534 2264 ,
553 2226 616 2255 eut
633 2219 705 2255 lieu
724 2220 828 2266 apri-s
843 2218 921 2254 leur
939 2225 1077 2261 retour,
1096 2217 1185 2252 dans
1204 2217 1237 2252 lc
1253 2219 1346 2252 mois
1364 2217 1409 2252 de
1421 2218 1544 2264 juillet

126 2285 173 2321 de
198 2285 233 2320 la
259 2284 378 2319 meme
403 2283 530 2317 annee.
559 2280 660 2316 Felix
689 2280 741 2315 111
761 2279 853 2324 (mal
879 2282 897 2313 a
924 2291 1057 2327 propos
1082 2278 1233 2325 designe
1258 2279 1367 2323 ainsi,
1389 2279 1544 2328 puisque

127 2345 221 2381 celui
242 2344 352 2392 qu’on
371 2349 516 2389 compte
543 2353 636 2388 pour
655 2340 688 2375 le
707 2339 840 2375 second
865 2341 956 2375 n'est
977 2340 1092 2388 qu'un
1111 2339 1300 2386 antipape)
1323 2352 1368 2374 ne
1394 2347 1544 2375 mourut

127 2405 234 2454 point
250 2416 333 2439 sous
350 2402 382 2438 le
401 2404 513 2449 regne
531 2400 576 2436 de
594 2400 812 2447 l'empcreur
827 2401 954 2436 Zenon
967 2429 976 2444 ‚
996 2401 1059 2449 qui
1081 2401 1174 2435 avait
1192 2400 1254 2435 fini
1269 2400 1302 2435 le
1317 2413 1340 2448 9
1359 2400 1447 2435 avril
1462 2403 1541 2449 491,

128 2465 167 2500 ni
194 2464 312 2500 meme
336 2475 418 2497 sous
447 2461 540 2497 celui
564 2460 609 2495 de
629 2459 856 2503 Theodoric,
886 2461 950 2508 qui
976 2472 1021 2495 ne
1046 2459 1198 2495 succeda
1223 2460 1506 2507 completement
1527 2465 1545 2494 a

130 2523 299 2560 Odoacre
316 2524 423 2571 qu'en
441 2534 537 2556 mars
557 2518 636 2568 495.

175 2582 226 2629 (5)
251 2585 315 2630 (1⁰¹
332 2595 428 2618 mars
449 2585 582 2630 492-19
598 2579 793 2615 novembre
809 2579 906 2627 496.)
923 2580 969 2614 La
988 2579 1069 2626 plus
1091 2579 1228 2626 grande
1248 2581 1364 2627 partic
1382 2579 1444 2613 des
1462 2579 1544 2613 faiis

131 2650 167 2678 et
187 2642 250 2678 des
265 2644 374 2680 e'crits
393 2642 570 2680 attribues
589 2653 632 2675 au
654 2652 744 2687 pape
766 2639 898 2674 Gelasc
921 2637 1009 2674 dans
1033 2651 1072 2674 cc
1091 2640 1336 2686 paragraphc,
1358 2645 1438 2672 sont
1456 2650 1542 2684 sup-

133 2714 248 2749 poses.
