1738 3043
615 189 769 230 LIBER
800 189 1010 229 PRIMUS.
1461 193 1535 230 107

103 284 252 330 serat,
282 284 330 322 et
354 273 567 320 Mamaeae
591 271 757 318 matris
791 272 888 333 ejus
912 270 1166 328 familiam;
1198 270 1270 318 vel
1295 271 1536 335 praecipue

102 364 305 418 propter
336 352 593 417 Origenem
628 348 983 414 presbyterum.
1015 349 1277 396 Pontianus
1303 360 1350 396 et
1379 348 1531 397 Ante-

103 448 208 488 ros,
234 447 448 478 romanae
474 426 605 474 urbis
627 427 861 491 episcopi,
886 427 1124 491 martyrio
1143 426 1389 484 coronati,
1414 437 1462 474 et
1486 427 1534 474 in

102 509 340 556 cimiterio
359 507 531 554 Calixti
551 515 664 553 sunt
687 505 857 570 sepulti
880 505 972 570 (1).

167 585 437 634 Gordianus
455 583 592 630 annis
610 600 678 630 vt.
696 582 848 630 Julius
863 581 1117 628 Africanus
1139 582 1266 630 inter
1280 586 1535 647 scriptores

102 664 439 713 ecclesiasticos
470 660 648 710 nobilis
673 659 889 709 habetur.
918 660 1010 722 Qui
1043 661 1092 707 in
1120 659 1359 708 chronicis
1377 698 1390 718 ,
1424 679 1534 727 quae

101 743 384 808 conscripsit
396 778 409 800 ‚
432 742 582 790 refert
599 759 646 789 se
665 740 1004 788 Alexandriam
1021 757 1299 805 properare,
1321 740 1533 787 Heraclae

98 821 330 886 opinione
355 818 663 868 celeberrima
688 829 1006 884 provocatum
1016 837 1029 875 3
1058 835 1203 883 quem
1224 827 1271 865 et
1292 818 1339 864 in
1360 817 1534 864 divinis

97 908 145 947 et
169 897 514 964 philosophicis
545 897 738 956 studiis,
767 908 911 963 atque
941 897 1075 944 omni
1111 895 1398 945 Graecorum
1421 895 1534 945 doc-

98 978 224 1025 trina
251 978 673 1025 instructissimum
690 977 815 1024 fama
836 977 1118 1043 loqueretur
1137 976 1233 1040 (2).

160 1055 436 1122 Philippus,
465 1074 575 1104 cum
600 1055 825 1122 Philippo
852 1055 981 1113 filio,
1017 1072 1086 1103 vu
1123 1054 1260 1101 annis
1295 1053 1529 1119 regnavit.

97 1135 185 1182 Hic
222 1135 408 1199 primus
442 1135 663 1182 omnium
701 1135 1048 1199 imperatorum
1087 1132 1341 1180 admonitu
1381 1131 1531 1179 fidelis

98 1211 272 1258 Christi
311 1211 478 1258 militis
510 1211 670 1259 Pontii
704 1211 990 1258 christianus
1022 1210 1174 1257 factus
1207 1220 1304 1266 est3
1340 1227 1393 1256 ac
1423 1220 1533 1274 post

98 1291 293 1338 tertium
321 1291 509 1356 imperii
540 1294 638 1356 ejus
659 1309 868 1348 annum,
892 1290 1174 1337 millesimus
1199 1306 1223 1335 a
1252 1288 1532 1336 conditione

94 1369 265 1416 Romae
283 1385 436 1414 annus
457 1368 672 1433 expletus
696 1378 783 1415 est.
810 1368 973 1414 Januis
995 1364 1313 1414 delubrorum
1333 1364 1532 1412 obtura-

97 1446 178 1503 tis,
201 1456 359 1492 sancta
385 1446 594 1493 Ecclesia
618 1464 727 1492 cum
751 1445 965 1510 tripudio
990 1444 1048 1490 ad
1069 1444 1154 1491 Dei
1173 1444 1358 1491 laudem
1381 1443 1531 1492 libere

94 1533 297 1570 reserata
318 1532 412 1579 est-3
436 1533 483 1569 et
508 1522 571 1569 ita
595 1521 860 1586 magnificis
889 1519 1012 1567 ludis
1041 1520 1402 1586 augustissimus
1427 1537 1530 1567 om-

94 1600 229 1647 nium
254 1599 616 1665 praeteritorum
635 1598 712 1645 hic
732 1598 900 1645 natalis
926 1615 1080 1644 annus
1109 1615 1132 1644 a
1161 1597 1422 1646 christiano
1445 1598 1530 1644 im-

94 1690 315 1743 peratore
351 1677 613 1726 celebratus
649 1687 735 1725 est.
776 1678 1006 1743 Origenes
1040 1676 1266 1725 Leonidae
1300 1677 1529 1743 martyris

94 1756 219 1804 filius
252 1757 301 1804 in
325 1757 535 1804 Caesarea
567 1755 833 1803 Palaestinae
862 1753 1175 1804 Theodorum
1203 1766 1529 1820 cognomento

95 1837 383 1901 Gregorium
414 1847 461 1883 et
489 1835 888 1893 Athenodorum,
922 1833 1299 1882 adolescentulos
1330 1835 1524 1891 fratres,

141 2017 192 2062 (ι)
210 2017 331 2062 (Mars
347 2014 534 2051 235-ma1·s
551 2015 651 2062 238).
671 2016 718 2050 La
738 2016 888 2050 sixienie
907 2014 1140 2061 persecution
1159 2025 1370 2061 commenca
1388 2026 1471 2049 avec
1494 2013 1528 2049 le

96 2076 212 2124 regne
229 2075 276 2110 de
295 2075 472 2110 Maximin
492 2088 538 2110 en
566 2073 647 2110 235.
673 2075 777 2110 Saint
804 2074 960 2109 Pontien
976 2101 984 2117 ‚
1009 2072 1159 2120 relegue
1177 2073 1267 2107 dans
1287 2073 1358 2108 l'ile
1377 2072 1423 2108 de
1441 2073 1527 2108 Sar-

93 2136 250 2186 daigue,
275 2149 298 2184 y
324 2143 477 2172 mourut
503 2143 599 2171 cette
635 2137 754 2171 meme
779 2137 913 2177 annee‚
945 2135 1050 2181 apri-s
1075 2147 1123 2169 un
1152 2134 1342 2181 pontificat
1372 2133 1418 2168 de
1441 2134 1526 2181 cinq

93 2209 169 2232 ans.
196 2198 300 2233 Saint
326 2199 508 2240 Anterus,
541 2208 606 2231 son
636 2207 846 2231 successeur
862 2223 868 2238 ,
901 2194 1075 2241 n’occupa
1106 2193 1138 2228 le
1164 2193 1380 2241 saint-siege
1410 2193 1527 2241 qu'un

94 2259 187 2294 mois
205 2265 243 2294 et
261 2258 373 2293 treize
386 2257 503 2304 jours.
525 2257 614 2292 L’un
634 2263 671 2292 et
689 2256 818 2290 l’autre
836 2255 961 2289 surent
977 2266 1022 2288 cn
1036 2252 1120 2288 effet
1138 2254 1304 2288 enterres
1322 2252 1412 2288 dans
1430 2252 1464 2288 le
1476 2253 1527 2287 ci-

94 2319 248 2355 metiere
264 2318 310 2355 de
329 2318 607 2355 saint-Calliste
625 2330 691 2365 par
708 2317 760 2351 les
779 2316 877 2351 soins
890 2314 936 2350 de
956 2314 1051 2349 saint
1066 2313 1215 2349 Fabien.

140 2379 192 2425 (2)
210 2377 379 2414 Gordien
402 2378 484 2420 Pie,
511 2377 602 2412 dont
619 2377 651 2412 le
676 2377 789 2423 regne
812 2381 869 2410 est
887 2374 933 2410 ici
963 2372 1150 2409 confondu
1176 2384 1259 2407 avec
1280 2371 1374 2407 celui
1400 2370 1446 2406 de
1471 2383 1527 2406 ses

93 2438 371 2486 predecesseurs
383 2467 392 2481 ,
414 2437 464 2474 les
481 2438 668 2474 Gordiens
687 2437 902 2484 d'Asrique‚
922 2435 1081 2470 Maxime
1100 2440 1138 2468 et
1154 2433 1279 2468 Balbin
1291 2460 1301 2476 ‚
1324 2433 1381 2467 n’a
1395 2431 1525 2467 reelle-

95 2504 198 2533 ment
216 2499 329 2545 regne
347 2510 419 2545 que
433 2498 518 2544 cinq
534 2509 597 2532 ans
612 2503 649 2532 et
668 2496 753 2531 huit
772 2495 865 2530 mois
880 2495 1033 2529 environ
1052 2492 1191 2538 (juillet
1212 2490 1399 2527 258-n1ars
1418 2493 1485 2533 244
1498 2492 1522 2535 ).

96 2558 195 2595 C’est
207 2560 520 2594 anterieurement
537 2571 583 2593 au
603 2559 715 2605 regne
733 2557 778 2592 de
792 2569 832 2592 ce
850 2557 978 2603 prince
990 2562 1026 2590 et
1041 2566 1120 2589 vers
1139 2552 1201 2588 231
1221 2565 1293 2601 que
1309 2552 1410 2588 Jules
1424 2551 1524 2587 Afri-

97 2619 178 2653 cain
204 2619 272 2654 alla
292 2619 450 2666 prendre
469 2621 487 2654 a
508 2618 727 2654 Alexandrie
746 2617 796 2652 les
814 2616 937 2664 lecons
962 2613 1175 2656 d'lleracle,
1196 2614 1290 2649 alors
1314 2624 1523 2648 successeur

98 2677 302 2725 d'Origene
319 2678 408 2714 dans
434 2679 484 2715 les
513 2679 696 2715 fonctions
715 2678 760 2713 dc
779 2677 998 2718 catechism,
1024 2683 1060 2710 et
1081 2675 1223 2711 ensuite
1252 2673 1459 2720 patriarche
1477 2670 1521 2703 dv

100 2744 195 2772 cette
207 2738 330 2785 eglise.
