1738 3043
182 225 257 263 102
547 220 791 259 HISTORIA
821 220 1225 260 ECCLESIAS'I'ICA.

243 302 430 349 Marcus
455 300 733 348 Antoninus
746 300 898 349 Verus
915 337 928 358 ,
951 319 1061 348 cum
1077 300 1226 349 fratre
1241 303 1388 349 Lucio
1407 302 1606 353 Aurelio

179 380 473 436 Commodo,
502 397 654 428 annos
689 397 771 426 xlx
804 398 986 428 menses
1020 398 1074 427 11.
1105 381 1195 445 [Hi
1219 381 1434 445 primum
1463 399 1605 448 aequo

172 462 281 523 jure
306 457 562 522 imperium
584 457 1040 506 administraverunt
1060 495 1073 515 ‚
1096 476 1205 505 cum
1241 476 1389 525 usque
1421 457 1479 506 ad
1513 458 1605 507 hoc

180 548 364 600 tempus
383 535 557 601 singuli
582 537 763 601 augusti
790 536 1012 600 fuerint].
1041 536 1227 584 Bellum
1250 535 1422 584 deinde
1438 547 1606 584 contra

179 613 375 662 Parthos
398 613 665 662 admirabili
690 615 869 662 virtute
901 625 949 663 et
980 614 1208 662 felicitate
1230 624 1494 679 gesserunt.
1521 615 1606 679 [In

179 692 285 739 Asia
309 692 642 756 persecutione
664 702 767 740 orta
785 728 798 749 ‚
827 691 1119 757 Polycarpus
1138 702 1184 738 ct
1208 691 1403 739 Pionius
1424 701 1608 755 marty-

181 770 308 816 rium
325 768 520 833 fecere].
544 770 597 816 ln
617 767 771 815 Gallia
790 786 982 834 quoque
999 767 1251 826 Photinus,
1275 766 1607 833 Lugdunensis

181 846 373 910 praesul,
395 846 570 911 aliique
587 845 781 910 plurimi
794 864 884 910 pro
901 845 1092 894 Christo
1106 845 1312 910 gloriose
1327 845 1609 910 sanguinem

180 923 362 971 fudere.
391 924 487 971 Nec
521 924 676 972 multo
702 934 807 988 post
841 924 1015 971 vindex
1049 923 1280 971 scelerum
1314 923 1414 971 lues
1437 923 1610 970 multas

184 1002 274 1048 late
299 1001 568 1065 provincias
582 1037 595 1058 ‚
613 1000 798 1047 Italiam
815 1001 1020 1047 maxime
1035 1036 1048 1057 ,
1072 1002 1370 1066 Romamque
1388 1001 1605 1047 vastavit.

181 1078 421 1127 Defuncto
447 1077 715 1126 Commodo
752 1076 925 1134 fratre,
959 1076 1258 1141 [Antoninus
1289 1077 1611 1125 Commodum

181 1157 335 1204 filium
358 1173 499 1203 suum
516 1166 791 1203 consortem
813 1156 948 1220 regni
966 1154 1098 1201 facit.
1131 1155 1384 1202 Antonino
1408 1155 1610 1220 impera-

182 1237 276 1284 tori
295 1235 462 1283 Melito
488 1234 690 1281 Asianus
712 1233 954 1281 Sardensis
974 1234 1221 1299 episcopus
1245 1233 1612 1299 Apologeticum

182 1331 271 1379 pro
295 1312 576 1360 Christianis
595 1312 830 1377 tradidit]
859 1312 1034 1359 Lucius
1054 1312 1316 1360 Britanniae
1335 1330 1445 1370 rex,
1473 1312 1611 1360 missa

181 1393 237 1440 ad
253 1391 584 1440 Eleutherium
600 1393 767 1439 Romae
784 1391 1062 1457 episcopum
1077 1391 1294 1457 epistola,
1313 1402 1370 1438 ut
1388 1391 1612 1439 Christia-

185 1489 274 1517 nus
291 1471 518 1518 efficiatur
535 1471 773 1534 impetrat.
794 1469 1111 1534 [Apollinaris
1128 1469 1328 1516 Asianus
1344 1469 1608 1535 Hierapoli,

184 1560 231 1597 et
254 1549 511 1615 Dionysius
535 1547 782 1605 Corinthi,
810 1547 922 1594 clari
949 1547 1188 1595 habentur
1212 1548 1420 1613 episcopi
1447 1547 1565 1613 (1)].

187 1726 308 1760 sustin
337 1732 400 1760 eut
436 1725 510 1759 lieu
541 1736 587 1759 en
619 1723 701 1771 167,
740 1735 823 1758 sous
855 1722 887 1757 le
918 1723 1110 1770 pontificat
1147 1722 1318 1759 d'Anicet
1351 1729 1390 1759 et
1423 1735 1497 1759 non
1529 1735 1614 1760 sous

189 1785 282 1820 celui
299 1784 345 1819 de
362 1785 427 1819 Pie
448 1784 507 1827 1⁰,
530 1791 628 1818 mort
645 1782 706 1817 dix
725 1795 789 1817 ans
806 1789 1029 1830 auparavant
1047 1786 1107 1826 (ιι
1127 1783 1252 1829 juillet
1272 1781 1335 1833 ¹57
1350 1786 1382 1829 >3
1399 1796 1466 1831 par
1482 1786 1612 1820 conse-

188 1853 303 1894 quent
323 1845 347 1880 il
367 1845 611 1891 n‘appartient
630 1856 693 1890 pas
711 1845 730 1877 a
748 1856 787 1878 ce
806 1844 937 1890 regne,
958 1843 1048 1877 mais
1066 1844 1084 1877 a
1099 1843 1193 1879 celui
1207 1843 1254 1878 de
1270 1843 1541 1879 Marc-Aurele.
1563 1844 1613 1879 Le

189 1905 277 1940 livre
295 1904 345 1938 du
373 1904 525 1939 Pasteur
551 1903 642 1937 n'est
661 1914 723 1949 pas
741 1901 786 1937 de
804 1902 898 1936 saint
917 1902 1091 1945 Hermes,
1122 1903 1210 1949 pere
1233 1901 1279 1937 de
1304 1902 1368 1937 Pie
1393 1903 1430 1945 1,
1451 1902 1542 1937 mais
1565 1902 1614 1939 de

189 1967 283 2000 saint
308 1965 482 2006 Hermas,
511 1962 664 2009 disciple
687 1961 750 1997 des
769 1962 927 2009 apotres.
956 1961 987 1996 ll
1012 1974 1058 1997 ne
1082 1962 1248 1997 contient
1271 1962 1351 1997 rien
1375 1961 1422 1997 de
1449 1961 1574 1998 relatif
1591 1964 1613 1998 ὲ

187 2025 354 2072 Pepoque
372 2022 417 2057 de
434 2023 467 2057 la
485 2021 709 2057 celebration
728 2020 774 2055 de
791 2020 824 2055 la
844 2020 975 2068 paque.
996 2020 1044 2055 Le
1065 2032 1198 2067 voyage
1217 2019 1262 2055 de
1279 2021 1375 2055 saint
1390 2019 1610 2068 Polymrpe,

189 2083 326 2130 e'veque
343 2081 389 2116 de
405 2081 571 2127 Smyrne,
590 2082 610 2114 a
621 2079 741 2115 Rome
757 2092 803 2114 en
827 2078 891 2114 158
905 2107 914 2122 ,
935 2085 1002 2114 eut
1014 2091 1059 2114 au
1074 2079 1256 2114 contraire
1270 2091 1365 2126 pour
1376 2079 1444 2114 but
1456 2078 1501 2115 de
1517 2079 1613 2114 s’en-

186 2140 317 2176 tendi-e
330 2152 413 2175 avec
424 2139 458 2174 le
475 2151 566 2186 pape
585 2138 719 2174 Anicet
735 2150 798 2173 sur
813 2144 907 2172 cette
925 2138 1109 2185 question.
1128 2138 1196 2172 Les
1213 2149 1360 2172 erreurs
1374 2136 1419 2172 de
1435 2136 1613 2173 Valentin

188 2207 225 2235 et
242 2200 288 2234 de
305 2198 453 2236 Cerdon
473 2198 610 2232 e'taient
627 2196 709 2242 deja
725 2195 968 2231 condamnees
987 2196 1116 2242 depuis
1133 2195 1314 2242 plusieurs
1331 2197 1476 2231 anneeS.

233 2259 285 2294 Ce
302 2257 529 2304 paragraphe
547 2263 622 2299 est,
644 2267 786 2290 comme
805 2255 838 2290 la
858 2254 1007 2301 plupart
1023 2254 1068 2290 de
1083 2267 1172 2290 ceux
1190 2255 1254 2302 qui
1272 2254 1472 2302 precedent
1493 2261 1531 2291 et
1546 2256 1612 2304 qui

189 2318 330 2351 suivent
343 2344 351 2360 ‚
368 2315 629 2350 litteralement
646 2315 843 2360 cmprunte
861 2316 880 2348 a
899 2314 1008 2349 Bede.

233 2377 284 2422 (ι)
311 2377 351 2424 (7
376 2387 471 2409 mars
504 2374 634 2422 161-17
662 2386 758 2408 mars
781 2374 877 2420 180).
910 2375 978 2409 Ces
998 2374 1093 2409 deux
1117 2375 1261 2422 princes
1285 2387 1330 2410 ne
1352 2381 1512 2422 penvent
1532 2374 1613 2410 &tre

189 2434 354 2482 qualifies
378 2433 424 2467 de
451 2433 563 2468 freres
586 2445 658 2480 que
685 2443 827 2467 comme
855 2440 963 2480 ayant
980 2435 1037 2468 ete
1055 2434 1129 2468 l’un
1156 2441 1193 2469 et
1212 2434 1340 2469 l'autre
1371 2433 1425 2468 fils
1447 2433 1613 2480 ,adoptifs

188 2492 390 2528 d’Antonin
416 2491 492 2527 Pie.
515 2490 575 2525 On
595 2491 669 2525 voit
694 2503 758 2537 par
774 2490 826 2525 les
844 2491 945 2526 dates
961 2493 1024 2540 qui
1047 2492 1244 2539 procedent
1266 2504 1338 2539 que
1365 2491 1399 2527 le
1424 2492 1538 2539 regne
1563 2490 1611 2526 de

189 2550 444 2586 Marc-Aurffle
466 2563 511 2585 ne
526 2550 582 2584 sut
600 2563 671 2598 que
689 2550 734 2585 de
752 2550 928 2586 dix-neus
942 2564 1006 2586 ans
1024 2552 1086 2587 dix
1101 2553 1206 2599 jours
1220 2568 1226 2586 ε
1242 2551 1338 2587 Βὲάθ
1356 2551 1449 2587 avait
1463 2552 1611 2598 compte

188 2610 363 2646 ‹lix-neus
376 2621 440 2644 ans
458 2622 507 2644 un
528 2610 632 2644 mois.
653 2611 700 2644 La
724 2622 854 2657 guerre
875 2619 1003 2647 contre
1029 2612 1079 2648 les
1102 2612 1254 2646 Parthes
1273 2610 1366 2645 dura
1388 2609 1518 2657 depuis
1546 2609 1604 2645 161

185 2669 355 2717 jusqu’en
371 2667 447 2703 165.
464 2669 511 2703 La
526 2675 625 2715 peste
636 2669 729 2702 avait
740 2671 799 2703 ete
813 2673 1006 2717 rapportee
1017 2669 1062 2705 de
1071 2670 1231 2706 l'Orient
1240 2671 1260 2704 a
1272 2669 1388 2704 Rome
1400 2681 1464 2716 par
1475 2669 1612 2704 Lucius

190 2730 311 2765 verus
328 2727 392 2764 des
408 2728 484 2763 166.
505 2729 552 2763 Le
572 2735 730 2774 martyre
746 2730 791 2765 de
807 2731 899 2765 saint
916 2731 1112 2777 Polycarpe
1130 2737 1193 2765 eut
1211 2729 1284 2765 lieu
1307 2729 1340 2764 la
1357 2729 1476 2765 meme
1493 2730 1611 2766 aunee

190 2801 260 2837 quc
282 2789 377 2828 celui
396 2789 441 2826 de
460 2789 551 2826 saint
573 2791 690 2825 Justin
713 2790 833 2838 (167).
853 2791 956 2828 Celui
978 2790 1022 2827 de
1043 2791 1135 2828 saint
1152 2791 1289 2827 Pothin
1314 2796 1369 2827 est
1386 2789 1431 2827 de
1453 2801 1529 2838 ¹77·
