1738 3043
197 227 248 265 30
399 210 405 216 '
570 225 810 264 ius'ronm
840 225 1240 266 Ecctsssus'ricA.

198 307 366 352 tiatorc
401 317 446 351 et
479 305 756 370 margarita,
792 305 850 353 de
883 305 1063 354 retibus
1095 307 1246 353 missis
1281 308 1329 354 in
1363 325 1490 356 mare
1524 310 1611 357 ad—

190 385 322 448 jecit,
348 393 395 429 et
418 383 533 448 quid
553 382 779 449 figuraret
797 385 1029 449 exposuit.
1053 384 1166 432 lnde
1187 386 1234 431 in
1256 385 1458 450 patriam
1477 404 1608 435 suam

197 461 402 518 transiit,
421 470 469 507 et
485 461 534 506 in
549 461 797 526 synagogis
815 477 979 509 eorum
995 478 1074 509 eos
1089 462 1271 519 docuit,
1291 463 1353 508 ita
1370 473 1423 509 ut
1439 479 1605 511 omnes

196 543 488 585 mirarentur
515 538 607 601 (1).

262 616 350 662 lx.
389 616 598 681 Rogatus
633 633 657 661 a
691 615 953 679 pharisaeo,
990 616 1204 665 Salvator
1243 619 1292 664 in
1327 618 1473 667 domo
1510 621 1611 684 ejus

195 692 468 740 manducat.
506 693 681 740 Mulier
714 710 852 750 vero,
890 711 997 759 quae
1029 696 1268 759 peccatrix
1305 695 1487 755 suerat,
1514 697 1612 744 dis-

197 769 466 818 cumbentis
499 760 692 818 Domini
723 770 863 835 pedes
898 771 1117 836 lacrymis
1149 774 1301 837 rigat,
1329 773 1508 838 capillis
1531 791 1614 821 ca-

195 850 308 914 pitis
348 850 417 896 sui
457 850 592 897 tersit
631 861 678 896 et
718 860 966 914 unguento
1004 851 1158 897 unxit.
1200 852 1401 911 Omnia,
1437 851 1612 917 quibus

199 927 363 974 illicite
396 945 475 973 usa
507 928 639 991 prius
670 927 725 973 ad
758 937 1003 991 peccatum
1037 928 1214 985 fuerat,
1243 930 1341 976 Deo
1369 931 1612 994 poenitens

195 1005 364 1053 devota
390 1004 620 1052 immolat.
651 1005 782 1065 Quot
807 1007 855 1052 in
880 1023 926 1053 se
951 1005 1117 1052 habuit
1139 1006 1513 1065 oblectamenta,
1538 1017 1613 1056 tot

198 1082 256 1129 de
280 1099 326 1129 se
361 1082 543 1129 invenit
574 1081 863 1128 holocausta.
888 1082 1018 1127 Falsa
1045 1091 1233 1130 tumens
1252 1084 1434 1147 justitia
1456 1083 1612 1148 phari-

197 1177 315 1205 saeus
352 1176 529 1223 aegram
554 1157 862 1222 reprehendit
895 1158 953 1206 de
978 1160 1262 1224 aegritudine
1297 1170 1345 1207 et
1374 1159 1613 1207 medicum

197 1236 254 1283 de
282 1235 625 1292 subventione,
652 1253 675 1281 a
709 1251 806 1301 quo
833 1235 1040 1283 duorum
1066 1235 1286 1300 parabola
1312 1236 1614 1302 redarguitur

196 1313 493 1369 debitorum,-
519 1313 813 1378 proprioque
837 1312 1018 1377 judicio
1043 1323 1096 1359 ut
1127 1312 1383 1361 freneticus
1411 1317 1614 1361 convin-

198 1393 351 1448 citur,
382 1393 463 1456 qui
495 1390 661 1438 funem
696 1402 857 1455 portat
888 1409 944 1438 ex
973 1409 1070 1456 quo
1100 1391 1289 1457 ligetur.
1333 1393 1612 1439 Peccatricis

197 1467 322 1515 bona
347 1469 629 1532 poenitentis
654 1478 1020 1525 enumerantur,
1050 1478 1096 1515 et
1115 1468 1232 1514 mala
1258 1468 1358 1515 falsi
1375 1470 1489 1532 justi
1511 1486 1614 1516 cor-

197 1548 422 1612 riguntur
447 1565 470 1593 a
495 1546 685 1605 Judice‚
712 1548 842 1611 cujus
873 1546 1022 1593 oculis
1055 1547 1220 1593 intima
1251 1564 1455 1613 quaeque
1486 1547 1611 1594 nuda

195 1625 491 1689 panduntur.
532 1624 745 1671 Tandem
782 1626 913 1671 Jesus
949 1625 1113 1671 Mariae
1163 1636 1349 1688 peccata
1393 1625 1608 1683 remisit,

196 1704 425 1768 quoniam
452 1704 552 1767 ipso
589 1714 703 1749 teste
735 1703 945 1748 multum
979 1702 1163 1749 dilexit.
1203 1702 1380 1760 Fides,
1420 1703 1608 1768 inquit,

197 1792 279 1827 tua
305 1792 347 1826 te
369 1779 689 1845 salvamsecz't
716 1799 726 1825 :
754 1781 881 1827 vade
906 1782 955 1826 in
971 1798 1102 1846 pace
1121 1780 1212 1843 (2).

261 1857 623 1921 Evangelizante
656 1856 864 1904 Domino
900 1866 946 1903 et
977 1856 1217 1920 discipulis
1241 1858 1364 1920 ejus,
1388 1856 1611 1904 mulieres

197 1933 539 1999 sequebantur,
559 1946 607 1981 et
619 1934 675 1981 de
690 1935 783 1980 suis
798 1933 1100 1980 facultatibus
1116 1935 1179 1981 eis
1194 1933 1607 1999 obsequebantur:

195 2012 340 2058 Maria
367 2012 545 2058 scilicet
567 2010 871 2075 Magdalene,
898 2020 945 2057 et
969 2011 1150 2058 Joanna
1185 2028 1308 2058 uxor
1338 2011 1476 2057 Cuzae
1499 2028 1612 2075 pro-

194 2090 427 2137 curatoris
458 2089 687 2145 Herodis,
733 2100 781 2136 et
817 2089 1056 2145 Susanna,
1086 2098 1133 2135 et
1158 2088 1261 2141 aliae
1295 2087 1460 2134 multae
1484 2087 1611 2134 divi-

193 2168 322 2213 nitus
349 2168 606 2230 inspiratae.
636 2165 1005 2212 Consuetudinis
1028 2165 1228 2229 judaicae
1251 2164 1370 2221 fuit,
1404 2181 1492 2211 nec
1516 2163 1611 2211 du—

195 2242 389 2290 cebatur
413 2245 460 2289 in
487 2243 699 2307 culpam,
726 2260 861 2290 more
885 2243 1038 2306 gentis
1056 2243 1283 2306 antiquo,
1312 2252 1366 2288 ut
1388 2242 1610 2291 mulieres

193 2320 250 2366 de
281 2319 542 2366 substantia
566 2337 644 2365 sua
674 2319 854 2365 victum
885 2330 1026 2384 atque
1049 2319 1271 2366 vestitum
1295 2320 1610 2384 praeceptori-

192 2395 280 2443 bus
303 2397 648 2443 ministrarent.
672 2397 795 2454 Hoc,
820 2396 930 2461 quia
957 2396 1227 2443 scandalum
1245 2396 1398 2444 facere
1421 2407 1609 2462 poterat

195 2475 242 2519 in
273 2472 570 2530 nationibus,
599 2474 767 2519 Paulus
798 2492 844 2520 se
869 2473 1087 2537 abjecisse
1114 2485 1364 2522 memorat.
1396 2475 1605 2521 Susanna

195 2551 536 2615 interpretatur
570 2551 755 2607 lilium5
783 2552 964 2598 Joanna
978 2587 991 2608 ,
1019 2552 1258 2598 Dominus
1279 2552 1445 2616 gratia
1469 2552 1600 2616 ejus,

240 2726 287 2767 (ι)
308 2722 439 2756 Matth.
461 2733 539 2764 xm,
563 2720 692 2763 44-58;
716 2722 825 2757 Marc.
851 2734 907 2764 νι,
935 2721 1006 2756 1-6.
1022 2743 1061 2746 -ω
1080 2722 1130 2765 (⁷2)
1149 2722 1233 2756 Luc.
1257 2733 1325 2764 vn,
1348 2719 1472 2756 36-50.
