<?xml version="1.0" encoding="UTF-8"?>
<!DOCTYPE html PUBLIC "-//W3C//DTD XHTML 1.0 Transitional//EN"
    "http://www.w3.org/TR/xhtml1/DTD/xhtml1-transitional.dtd">
<html xmlns="http://www.w3.org/1999/xhtml" xml:lang="en" lang="en">
 <head>
  <title>
</title>
<meta http-equiv="Content-Type" content="text/html;charset=utf-8" />
  <meta name='ocr-system' content='tesseract 3.04.00' />
  <meta name='ocr-capabilities' content='ocr_page ocr_carea ocr_par ocr_line ocrx_word'/>
</head>
<body>
  <div class='ocr_page' id='page_1' title='image "./ordericivitalish01ordeuoft/ordericivitalish01ordeuoft_0223.png"; bbox 0 0 1738 3043; ppageno 0'>
   <div class='ocr_carea' id='block_1_1' title="bbox 608 231 1535 273">
    <p class='ocr_par' dir='ltr' id='par_1_1' title="bbox 608 231 1535 273">
     <span class='ocr_line' id='line_1_1' title="bbox 608 231 1535 273; baseline 0.003 -3"><span class='ocrx_word' id='word_1_1' title='bbox 608 232 759 270; x_wconf 83' lang='lat' dir='ltr'>LIBER</span> <span class='ocrx_word' id='word_1_2' title='bbox 787 231 1065 271; x_wconf 87' lang='lat' dir='ltr'><strong>SECUNDUS.</strong></span> <span class='ocrx_word' id='word_1_3' title='bbox 1459 237 1535 273; x_wconf 70' lang='lat'>⁸207</span> 
     </span>
    </p>
   </div>
   <div class='ocr_carea' id='block_1_2' title="bbox 128 312 1548 2552">
    <p class='ocr_par' dir='ltr' id='par_1_2' title="bbox 128 312 1543 1540">
     <span class='ocr_line' id='line_1_2' title="bbox 135 312 1541 378; baseline 0.001 -18"><span class='ocrx_word' id='word_1_4' title='bbox 135 324 309 360; x_wconf 87' lang='lat' dir='ltr'>tatores</span> <span class='ocrx_word' id='word_1_5' title='bbox 326 313 486 360; x_wconf 83' lang='lat' dir='ltr'>Liddae</span> <span class='ocrx_word' id='word_1_6' title='bbox 505 322 551 360; x_wconf 90' lang='lat' dir='ltr'>et</span> <span class='ocrx_word' id='word_1_7' title='bbox 571 313 764 361; x_wconf 85' lang='lat' dir='ltr'>Saronae</span> <span class='ocrx_word' id='word_1_8' title='bbox 777 349 790 370; x_wconf 90' lang='lat'><em>‚</em></span> <span class='ocrx_word' id='word_1_9' title='bbox 813 314 892 378; x_wconf 90' lang='lat' dir='ltr'>qui</span> <span class='ocrx_word' id='word_1_10' title='bbox 915 312 1004 361; x_wconf 85' lang='lat' dir='ltr'>hoc</span> <span class='ocrx_word' id='word_1_11' title='bbox 1024 312 1270 371; x_wconf 89' lang='lat' dir='ltr'>viderunt,</span> <span class='ocrx_word' id='word_1_12' title='bbox 1294 314 1351 361; x_wconf 91' lang='lat' dir='ltr'>ad</span> <span class='ocrx_word' id='word_1_13' title='bbox 1372 314 1541 362; x_wconf 92' lang='lat' dir='ltr'>Domi-</span> 
     </span>
     <span class='ocr_line' id='line_1_3' title="bbox 132 390 1540 457; baseline 0.001 -19"><span class='ocrx_word' id='word_1_14' title='bbox 132 408 249 438; x_wconf 88' lang='lat' dir='ltr'>num</span> <span class='ocrx_word' id='word_1_15' title='bbox 276 392 490 438; x_wconf 84' lang='lat' dir='ltr'>conversi</span> <span class='ocrx_word' id='word_1_16' title='bbox 516 401 645 438; x_wconf 87' lang='lat' dir='ltr'>sunt.</span> <span class='ocrx_word' id='word_1_17' title='bbox 674 393 725 438; x_wconf 94' lang='lat' dir='ltr'>ln</span> <span class='ocrx_word' id='word_1_18' title='bbox 749 392 900 455; x_wconf 93' lang='lat' dir='ltr'>Joppe</span> <span class='ocrx_word' id='word_1_19' title='bbox 927 390 1126 438; x_wconf 79' lang='lat' dir='ltr'>Tabitha</span> <span class='ocrx_word' id='word_1_20' title='bbox 1156 392 1378 457; x_wconf 80' lang='lat' dir='ltr'>operibus</span> <span class='ocrx_word' id='word_1_21' title='bbox 1402 393 1540 441; x_wconf 89' lang='lat' dir='ltr'>bonis</span> 
     </span>
     <span class='ocr_line' id='line_1_4' title="bbox 131 467 1537 533; baseline 0.003 -19"><span class='ocrx_word' id='word_1_22' title='bbox 131 478 179 514; x_wconf 91' lang='lat' dir='ltr'>et</span> <span class='ocrx_word' id='word_1_23' title='bbox 215 468 525 533; x_wconf 80' lang='lat' dir='ltr'>eleemosynis</span> <span class='ocrx_word' id='word_1_24' title='bbox 559 468 695 533; x_wconf 89' lang='lat' dir='ltr'>plena</span> <span class='ocrx_word' id='word_1_25' title='bbox 730 467 952 516; x_wconf 88' lang='lat' dir='ltr'>defuncta</span> <span class='ocrx_word' id='word_1_26' title='bbox 977 478 1071 526; x_wconf 88' lang='lat' dir='ltr'>est,</span> <span class='ocrx_word' id='word_1_27' title='bbox 1099 479 1146 516; x_wconf 88' lang='lat' dir='ltr'>ct</span> <span class='ocrx_word' id='word_1_28' title='bbox 1178 489 1201 516; x_wconf 88' lang='lat' dir='ltr'>a</span> <span class='ocrx_word' id='word_1_29' title='bbox 1235 470 1460 517; x_wconf 87' lang='lat' dir='ltr'>fratribus</span> <span class='ocrx_word' id='word_1_30' title='bbox 1489 472 1537 518; x_wconf 90' lang='lat' dir='ltr'>in</span> 
     </span>
     <span class='ocr_line' id='line_1_5' title="bbox 132 545 1539 612; baseline 0.002 -21"><span class='ocrx_word' id='word_1_31' title='bbox 132 545 381 593; x_wconf 80' lang='lat' dir='ltr'>coenaculo</span> <span class='ocrx_word' id='word_1_32' title='bbox 414 545 565 610; x_wconf 88' lang='lat' dir='ltr'>posita</span> <span class='ocrx_word' id='word_1_33' title='bbox 589 555 674 593; x_wconf 87' lang='lat' dir='ltr'>est.</span> <span class='ocrx_word' id='word_1_34' title='bbox 702 545 934 611; x_wconf 89' lang='lat' dir='ltr'>Discipuli</span> <span class='ocrx_word' id='word_1_35' title='bbox 965 545 1206 593; x_wconf 83' lang='lat' dir='ltr'>audientes</span> <span class='ocrx_word' id='word_1_36' title='bbox 1240 548 1347 612; x_wconf 89' lang='lat' dir='ltr'>quia</span> <span class='ocrx_word' id='word_1_37' title='bbox 1373 549 1539 595; x_wconf 86' lang='lat' dir='ltr'>Petrus</span> 
     </span>
     <span class='ocr_line' id='line_1_6' title="bbox 129 617 1540 688; baseline 0.001 -18"><span class='ocrx_word' id='word_1_38' title='bbox 129 632 245 670; x_wconf 88' lang='lat' dir='ltr'>esset</span> <span class='ocrx_word' id='word_1_39' title='bbox 275 617 608 688; x_wconf 44' lang='lat' dir='ltr'>Joppaejquae</span> <span class='ocrx_word' id='word_1_40' title='bbox 636 624 789 670; x_wconf 58' lang='lat' dir='ltr'>vicina</span> <span class='ocrx_word' id='word_1_41' title='bbox 827 633 927 671; x_wconf 86' lang='lat' dir='ltr'>erat</span> <span class='ocrx_word' id='word_1_42' title='bbox 965 623 1156 680; x_wconf 88' lang='lat' dir='ltr'>Liddae,</span> <span class='ocrx_word' id='word_1_43' title='bbox 1193 625 1310 672; x_wconf 91' lang='lat' dir='ltr'>duos</span> <span class='ocrx_word' id='word_1_44' title='bbox 1339 626 1395 672; x_wconf 83' lang='lat' dir='ltr'>ad</span> <span class='ocrx_word' id='word_1_45' title='bbox 1431 644 1540 673; x_wconf 85' lang='lat' dir='ltr'>eum</span> 
     </span>
     <span class='ocr_line' id='line_1_7' title="bbox 130 701 1541 768; baseline 0.002 -22"><span class='ocrx_word' id='word_1_46' title='bbox 130 701 256 748; x_wconf 66' lang='lat' dir='ltr'>viros</span> <span class='ocrx_word' id='word_1_47' title='bbox 279 702 512 749; x_wconf 89' lang='lat' dir='ltr'>miserunt</span> <span class='ocrx_word' id='word_1_48' title='bbox 529 737 542 758; x_wconf 89' lang='lat'>‚</span> <span class='ocrx_word' id='word_1_49' title='bbox 577 719 629 748; x_wconf 89' lang='lat' dir='ltr'>ac</span> <span class='ocrx_word' id='word_1_50' title='bbox 660 711 714 748; x_wconf 90' lang='lat' dir='ltr'>ut</span> <span class='ocrx_word' id='word_1_51' title='bbox 743 702 801 748; x_wconf 89' lang='lat' dir='ltr'>ad</span> <span class='ocrx_word' id='word_1_52' title='bbox 831 719 908 749; x_wconf 91' lang='lat' dir='ltr'>eos</span> <span class='ocrx_word' id='word_1_53' title='bbox 933 702 1118 749; x_wconf 86' lang='lat' dir='ltr'>veniret</span> <span class='ocrx_word' id='word_1_54' title='bbox 1146 713 1450 768; x_wconf 83' lang='lat' dir='ltr'>rogaverunt.</span> <span class='ocrx_word' id='word_1_55' title='bbox 1478 703 1541 749; x_wconf 90' lang='lat' dir='ltr'>At</span> 
     </span>
     <span class='ocr_line' id='line_1_8' title="bbox 131 779 1541 845; baseline 0.003 -20"><span class='ocrx_word' id='word_1_56' title='bbox 131 779 210 827; x_wconf 86' lang='lat' dir='ltr'>ille</span> <span class='ocrx_word' id='word_1_57' title='bbox 229 797 340 827; x_wconf 85' lang='lat' dir='ltr'>mox</span> <span class='ocrx_word' id='word_1_58' title='bbox 362 790 414 826; x_wconf 88' lang='lat' dir='ltr'>ut</span> <span class='ocrx_word' id='word_1_59' title='bbox 434 780 717 845; x_wconf 67' lang='lat' dir='ltr'>ligationem</span> <span class='ocrx_word' id='word_1_60' title='bbox 734 779 935 826; x_wconf 86' lang='lat' dir='ltr'>fratrum</span> <span class='ocrx_word' id='word_1_61' title='bbox 952 779 1148 837; x_wconf 86' lang='lat' dir='ltr'>audivit,</span> <span class='ocrx_word' id='word_1_62' title='bbox 1169 780 1413 828; x_wconf 83' lang='lat' dir='ltr'>humiliter</span> <span class='ocrx_word' id='word_1_63' title='bbox 1432 780 1541 829; x_wconf 88' lang='lat' dir='ltr'>obe-</span> 
     </span>
     <span class='ocr_line' id='line_1_9' title="bbox 129 856 1538 915; baseline 0.001 -12"><span class='ocrx_word' id='word_1_64' title='bbox 129 856 267 904; x_wconf 87' lang='lat' dir='ltr'>divit.</span> <span class='ocrx_word' id='word_1_65' title='bbox 289 858 582 906; x_wconf 82' lang='lat' dir='ltr'>Adveniente</span> <span class='ocrx_word' id='word_1_66' title='bbox 601 859 767 915; x_wconf 86' lang='lat' dir='ltr'>Petro,</span> <span class='ocrx_word' id='word_1_67' title='bbox 788 858 1207 906; x_wconf 86' lang='lat' dir='ltr'>circumsteterunt</span> <span class='ocrx_word' id='word_1_68' title='bbox 1222 858 1357 904; x_wconf 92' lang='lat' dir='ltr'>illum</span> <span class='ocrx_word' id='word_1_69' title='bbox 1372 875 1538 906; x_wconf 90' lang='lat' dir='ltr'>omnes</span> 
     </span>
     <span class='ocr_line' id='line_1_10' title="bbox 128 934 1539 994; baseline 0.001 -13"><span class='ocrx_word' id='word_1_70' title='bbox 128 934 282 983; x_wconf 85' lang='lat' dir='ltr'>viduae</span> <span class='ocrx_word' id='word_1_71' title='bbox 322 936 510 994; x_wconf 84' lang='lat' dir='ltr'>ssenteS,</span> <span class='ocrx_word' id='word_1_72' title='bbox 549 946 595 984; x_wconf 92' lang='lat' dir='ltr'>et</span> <span class='ocrx_word' id='word_1_73' title='bbox 635 935 948 984; x_wconf 86' lang='lat' dir='ltr'>ostendebant</span> <span class='ocrx_word' id='word_1_74' title='bbox 984 936 1053 983; x_wconf 89' lang='lat' dir='ltr'>illi</span> <span class='ocrx_word' id='word_1_75' title='bbox 1089 937 1271 983; x_wconf 88' lang='lat' dir='ltr'>tunicas</span> <span class='ocrx_word' id='word_1_76' title='bbox 1310 946 1358 983; x_wconf 89' lang='lat' dir='ltr'>et</span> <span class='ocrx_word' id='word_1_77' title='bbox 1391 948 1539 983; x_wconf 71' lang='lat' dir='ltr'>vestes</span> 
     </span>
     <span class='ocr_line' id='line_1_11' title="bbox 128 1011 1541 1078; baseline 0.002 -20"><span class='ocrx_word' id='word_1_78' title='bbox 128 1029 244 1078; x_wconf 85' lang='lat' dir='ltr'>quas</span> <span class='ocrx_word' id='word_1_79' title='bbox 263 1012 464 1061; x_wconf 88' lang='lat' dir='ltr'>faciebat</span> <span class='ocrx_word' id='word_1_80' title='bbox 491 1013 583 1059; x_wconf 91' lang='lat' dir='ltr'>illis</span> <span class='ocrx_word' id='word_1_81' title='bbox 609 1014 805 1061; x_wconf 86' lang='lat' dir='ltr'>Dorcas.</span> <span class='ocrx_word' id='word_1_82' title='bbox 835 1013 1009 1077; x_wconf 89' lang='lat' dir='ltr'>Ejectis</span> <span class='ocrx_word' id='word_1_83' title='bbox 1031 1025 1186 1060; x_wconf 91' lang='lat' dir='ltr'>autem</span> <span class='ocrx_word' id='word_1_84' title='bbox 1213 1011 1437 1061; x_wconf 89' lang='lat' dir='ltr'>omnibus</span> <span class='ocrx_word' id='word_1_85' title='bbox 1464 1013 1541 1061; x_wconf 91' lang='lat' dir='ltr'>so-</span> 
     </span>
     <span class='ocr_line' id='line_1_12' title="bbox 129 1091 1539 1157; baseline 0.001 -20"><span class='ocrx_word' id='word_1_86' title='bbox 129 1108 202 1137; x_wconf 87' lang='lat' dir='ltr'>ras</span> <span class='ocrx_word' id='word_1_87' title='bbox 219 1127 232 1148; x_wconf 89' lang='lat'>,</span> <span class='ocrx_word' id='word_1_88' title='bbox 256 1109 439 1156; x_wconf 89' lang='lat' dir='ltr'>ponens</span> <span class='ocrx_word' id='word_1_89' title='bbox 462 1091 627 1138; x_wconf 86' lang='lat' dir='ltr'>Petrus</span> <span class='ocrx_word' id='word_1_90' title='bbox 650 1109 800 1157; x_wconf 80' lang='lat' dir='ltr'>genua</span> <span class='ocrx_word' id='word_1_91' title='bbox 828 1109 908 1138; x_wconf 90' lang='lat' dir='ltr'>sua</span> <span class='ocrx_word' id='word_1_92' title='bbox 931 1093 1110 1149; x_wconf 85' lang='lat' dir='ltr'>oravit,</span> <span class='ocrx_word' id='word_1_93' title='bbox 1134 1103 1180 1139; x_wconf 92' lang='lat' dir='ltr'>et</span> <span class='ocrx_word' id='word_1_94' title='bbox 1207 1109 1459 1140; x_wconf 75' lang='lat' dir='ltr'>conversus</span> <span class='ocrx_word' id='word_1_95' title='bbox 1482 1092 1539 1138; x_wconf 87' lang='lat' dir='ltr'>ad</span> 
     </span>
     <span class='ocr_line' id='line_1_13' title="bbox 130 1169 1538 1235; baseline 0.001 -20"><span class='ocrx_word' id='word_1_96' title='bbox 130 1185 303 1234; x_wconf 83' lang='lat' dir='ltr'>corpus</span> <span class='ocrx_word' id='word_1_97' title='bbox 320 1169 441 1216; x_wconf 89' lang='lat' dir='ltr'>dixit</span> <span class='ocrx_word' id='word_1_98' title='bbox 464 1190 472 1215; x_wconf 90' lang='lat'>:</span> <span class='ocrx_word' id='word_1_99' title='bbox 497 1169 722 1227; x_wconf 77' lang='lat' dir='ltr'>Tabitlza,</span> <span class='ocrx_word' id='word_1_100' title='bbox 738 1187 897 1234; x_wconf 79' lang='lat' dir='ltr'>surge.</span> <span class='ocrx_word' id='word_1_101' title='bbox 926 1169 989 1216; x_wconf 90' lang='lat' dir='ltr'>At</span> <span class='ocrx_word' id='word_1_102' title='bbox 1014 1170 1089 1216; x_wconf 84' lang='lat' dir='ltr'>illa</span> <span class='ocrx_word' id='word_1_103' title='bbox 1112 1170 1274 1217; x_wconf 90' lang='lat' dir='ltr'>oculos</span> <span class='ocrx_word' id='word_1_104' title='bbox 1299 1187 1406 1218; x_wconf 91' lang='lat' dir='ltr'>suos</span> <span class='ocrx_word' id='word_1_105' title='bbox 1426 1188 1538 1235; x_wconf 88' lang='lat' dir='ltr'>ape—</span> 
     </span>
     <span class='ocr_line' id='line_1_14' title="bbox 130 1246 1541 1312; baseline 0.001 -21"><span class='ocrx_word' id='word_1_106' title='bbox 130 1246 251 1303; x_wconf 83' lang='lat' dir='ltr'>ruit,</span> <span class='ocrx_word' id='word_1_107' title='bbox 272 1256 321 1293; x_wconf 88' lang='lat' dir='ltr'>et</span> <span class='ocrx_word' id='word_1_108' title='bbox 333 1247 432 1292; x_wconf 76' lang='lat' dir='ltr'>viso</span> <span class='ocrx_word' id='word_1_109' title='bbox 453 1248 595 1293; x_wconf 90' lang='lat' dir='ltr'>Petro</span> <span class='ocrx_word' id='word_1_110' title='bbox 614 1246 800 1293; x_wconf 88' lang='lat' dir='ltr'>resedit.</span> <span class='ocrx_word' id='word_1_111' title='bbox 826 1248 1048 1312; x_wconf 87' lang='lat' dir='ltr'>Dansque</span> <span class='ocrx_word' id='word_1_112' title='bbox 1069 1247 1133 1293; x_wconf 92' lang='lat' dir='ltr'>illi</span> <span class='ocrx_word' id='word_1_113' title='bbox 1153 1265 1372 1303; x_wconf 90' lang='lat' dir='ltr'>manum,</span> <span class='ocrx_word' id='word_1_114' title='bbox 1392 1248 1541 1294; x_wconf 85' lang='lat' dir='ltr'>erexit</span> 
     </span>
     <span class='ocr_line' id='line_1_15' title="bbox 130 1322 1539 1388; baseline -0.001 -18"><span class='ocrx_word' id='word_1_115' title='bbox 130 1340 232 1370; x_wconf 91' lang='lat' dir='ltr'>eam</span> <span class='ocrx_word' id='word_1_116' title='bbox 250 1359 262 1379; x_wconf 93' lang='lat'><strong><em>,</em></strong></span> <span class='ocrx_word' id='word_1_117' title='bbox 291 1334 337 1369; x_wconf 87' lang='lat' dir='ltr'>et</span> <span class='ocrx_word' id='word_1_118' title='bbox 365 1324 537 1370; x_wconf 88' lang='lat' dir='ltr'>sanctis</span> <span class='ocrx_word' id='word_1_119' title='bbox 561 1340 613 1369; x_wconf 89' lang='lat' dir='ltr'>ac</span> <span class='ocrx_word' id='word_1_120' title='bbox 642 1322 794 1369; x_wconf 79' lang='lat' dir='ltr'>viduis</span> <span class='ocrx_word' id='word_1_121' title='bbox 821 1324 1070 1388; x_wconf 82' lang='lat' dir='ltr'>assignavit</span> <span class='ocrx_word' id='word_1_122' title='bbox 1092 1341 1194 1370; x_wconf 87' lang='lat' dir='ltr'>eam</span> <span class='ocrx_word' id='word_1_123' title='bbox 1227 1324 1398 1370; x_wconf 82' lang='lat' dir='ltr'>vivam.</span> <span class='ocrx_word' id='word_1_124' title='bbox 1438 1325 1539 1372; x_wconf 91' lang='lat' dir='ltr'>Hoc</span> 
     </span>
     <span class='ocr_line' id='line_1_16' title="bbox 129 1400 1543 1465; baseline 0.002 -20"><span class='ocrx_word' id='word_1_125' title='bbox 129 1400 371 1465; x_wconf 77' lang='lat' dir='ltr'>divulgato</span> <span class='ocrx_word' id='word_1_126' title='bbox 393 1419 478 1465; x_wconf 90' lang='lat' dir='ltr'>per</span> <span class='ocrx_word' id='word_1_127' title='bbox 501 1401 769 1447; x_wconf 84' lang='lat' dir='ltr'>universam</span> <span class='ocrx_word' id='word_1_128' title='bbox 787 1402 989 1465; x_wconf 89' lang='lat' dir='ltr'>Joppem</span> <span class='ocrx_word' id='word_1_129' title='bbox 1008 1401 1240 1448; x_wconf 86' lang='lat' dir='ltr'>miraculo</span> <span class='ocrx_word' id='word_1_130' title='bbox 1254 1437 1266 1458; x_wconf 93' lang='lat'><strong><em>,</em></strong></span> <span class='ocrx_word' id='word_1_131' title='bbox 1289 1400 1427 1447; x_wconf 91' lang='lat' dir='ltr'>multi</span> <span class='ocrx_word' id='word_1_132' title='bbox 1448 1418 1543 1448; x_wconf 90' lang='lat' dir='ltr'>cre-</span> 
     </span>
     <span class='ocr_line' id='line_1_17' title="bbox 130 1475 770 1540; baseline 0.002 -17"><span class='ocrx_word' id='word_1_133' title='bbox 130 1475 355 1524; x_wconf 81' lang='lat' dir='ltr'>did-erunt</span> <span class='ocrx_word' id='word_1_134' title='bbox 380 1479 428 1524; x_wconf 88' lang='lat' dir='ltr'>in</span> <span class='ocrx_word' id='word_1_135' title='bbox 454 1479 665 1525; x_wconf 90' lang='lat' dir='ltr'>Domino</span> <span class='ocrx_word' id='word_1_136' title='bbox 684 1478 770 1540; x_wconf 88' lang='lat'>(1).</span> 
     </span>
    </p>

    <p class='ocr_par' dir='ltr' id='par_1_3' title="bbox 129 1555 1548 2552">
     <span class='ocr_line' id='line_1_18' title="bbox 196 1555 1545 1622; baseline 0.001 -20"><span class='ocrx_word' id='word_1_137' title='bbox 196 1555 445 1603; x_wconf 90' lang='lat' dir='ltr'>Cornelius</span> <span class='ocrx_word' id='word_1_138' title='bbox 466 1556 515 1602; x_wconf 89' lang='lat' dir='ltr'>in</span> <span class='ocrx_word' id='word_1_139' title='bbox 537 1555 758 1603; x_wconf 85' lang='lat' dir='ltr'>Caesaraea</span> <span class='ocrx_word' id='word_1_140' title='bbox 773 1591 787 1613; x_wconf 87' lang='lat'><strong><em>,</em></strong></span> <span class='ocrx_word' id='word_1_141' title='bbox 815 1557 1033 1603; x_wconf 88' lang='lat' dir='ltr'>centurio</span> <span class='ocrx_word' id='word_1_142' title='bbox 1062 1555 1272 1604; x_wconf 87' lang='lat' dir='ltr'>cohortis</span> <span class='ocrx_word' id='word_1_143' title='bbox 1300 1574 1408 1622; x_wconf 87' lang='lat' dir='ltr'>quae</span> <span class='ocrx_word' id='word_1_144' title='bbox 1432 1556 1545 1603; x_wconf 90' lang='lat' dir='ltr'>dici-</span> 
     </span>
     <span class='ocr_line' id='line_1_19' title="bbox 132 1633 1541 1698; baseline 0 -19"><span class='ocrx_word' id='word_1_145' title='bbox 132 1642 211 1680; x_wconf 91' lang='lat' dir='ltr'>tur</span> <span class='ocrx_word' id='word_1_146' title='bbox 238 1634 392 1680; x_wconf 87' lang='lat' dir='ltr'>Italica</span> <span class='ocrx_word' id='word_1_147' title='bbox 409 1669 421 1691; x_wconf 94' lang='lat'>‚</span> <span class='ocrx_word' id='word_1_148' title='bbox 448 1634 522 1680; x_wconf 85' lang='lat' dir='ltr'>vir</span> <span class='ocrx_word' id='word_1_149' title='bbox 547 1633 792 1698; x_wconf 82' lang='lat' dir='ltr'>religiosus</span> <span class='ocrx_word' id='word_1_150' title='bbox 821 1651 873 1679; x_wconf 86' lang='lat' dir='ltr'>ac</span> <span class='ocrx_word' id='word_1_151' title='bbox 905 1633 1077 1681; x_wconf 88' lang='lat' dir='ltr'>timens</span> <span class='ocrx_word' id='word_1_152' title='bbox 1104 1634 1253 1681; x_wconf 87' lang='lat' dir='ltr'>Deum</span> <span class='ocrx_word' id='word_1_153' title='bbox 1278 1651 1388 1680; x_wconf 91' lang='lat' dir='ltr'>cum</span> <span class='ocrx_word' id='word_1_154' title='bbox 1410 1635 1541 1681; x_wconf 89' lang='lat' dir='ltr'>omni</span> 
     </span>
     <span class='ocr_line' id='line_1_20' title="bbox 129 1710 1544 1776; baseline -0.001 -18"><span class='ocrx_word' id='word_1_155' title='bbox 129 1710 275 1758; x_wconf 89' lang='lat' dir='ltr'>domo</span> <span class='ocrx_word' id='word_1_156' title='bbox 299 1729 406 1769; x_wconf 88' lang='lat' dir='ltr'>sua,</span> <span class='ocrx_word' id='word_1_157' title='bbox 442 1711 605 1757; x_wconf 90' lang='lat' dir='ltr'>multis</span> <span class='ocrx_word' id='word_1_158' title='bbox 630 1711 843 1757; x_wconf 90' lang='lat' dir='ltr'>intentus</span> <span class='ocrx_word' id='word_1_159' title='bbox 879 1721 979 1758; x_wconf 91' lang='lat' dir='ltr'>erat</span> <span class='ocrx_word' id='word_1_160' title='bbox 1013 1711 1322 1776; x_wconf 81' lang='lat' dir='ltr'>eleemosynis</span> <span class='ocrx_word' id='word_1_161' title='bbox 1360 1722 1407 1758; x_wconf 92' lang='lat' dir='ltr'>et</span> <span class='ocrx_word' id='word_1_162' title='bbox 1437 1728 1544 1758; x_wconf 87' lang='lat' dir='ltr'>ora-</span> 
     </span>
     <span class='ocr_line' id='line_1_21' title="bbox 132 1787 1544 1853; baseline 0.001 -19"><span class='ocrx_word' id='word_1_163' title='bbox 132 1787 343 1836; x_wconf 90' lang='lat' dir='ltr'>tionibus</span> <span class='ocrx_word' id='word_1_164' title='bbox 375 1806 464 1852; x_wconf 90' lang='lat' dir='ltr'>pro</span> <span class='ocrx_word' id='word_1_165' title='bbox 499 1789 647 1835; x_wconf 87' lang='lat' dir='ltr'>salute</span> <span class='ocrx_word' id='word_1_166' title='bbox 671 1799 915 1853; x_wconf 88' lang='lat' dir='ltr'>perpetua.</span> <span class='ocrx_word' id='word_1_167' title='bbox 951 1790 993 1834; x_wconf 90' lang='lat' dir='ltr'>Is</span> <span class='ocrx_word' id='word_1_168' title='bbox 1027 1788 1147 1836; x_wconf 86' lang='lat' dir='ltr'>vidit</span> <span class='ocrx_word' id='word_1_169' title='bbox 1178 1790 1227 1835; x_wconf 93' lang='lat' dir='ltr'>in</span> <span class='ocrx_word' id='word_1_170' title='bbox 1260 1790 1363 1835; x_wconf 75' lang='lat' dir='ltr'>visu</span> <span class='ocrx_word' id='word_1_171' title='bbox 1386 1791 1544 1836; x_wconf 89' lang='lat' dir='ltr'>mani-</span> 
     </span>
     <span class='ocr_line' id='line_1_22' title="bbox 133 1864 1543 1930; baseline 0.001 -20"><span class='ocrx_word' id='word_1_172' title='bbox 133 1864 274 1921; x_wconf 84' lang='lat' dir='ltr'>feste,</span> <span class='ocrx_word' id='word_1_173' title='bbox 303 1867 434 1930; x_wconf 90' lang='lat' dir='ltr'>quasi</span> <span class='ocrx_word' id='word_1_174' title='bbox 469 1864 583 1912; x_wconf 86' lang='lat' dir='ltr'>hora</span> <span class='ocrx_word' id='word_1_175' title='bbox 610 1882 733 1912; x_wconf 86' lang='lat' dir='ltr'>nona</span> <span class='ocrx_word' id='word_1_176' title='bbox 760 1864 875 1920; x_wconf 83' lang='lat' dir='ltr'>diei,</span> <span class='ocrx_word' id='word_1_177' title='bbox 910 1865 1130 1929; x_wconf 81' lang='lat' dir='ltr'>angelum</span> <span class='ocrx_word' id='word_1_178' title='bbox 1158 1866 1272 1923; x_wconf 81' lang='lat' dir='ltr'>Dei;</span> <span class='ocrx_word' id='word_1_179' title='bbox 1295 1883 1438 1930; x_wconf 86' lang='lat' dir='ltr'>quem</span> <span class='ocrx_word' id='word_1_180' title='bbox 1465 1867 1543 1912; x_wconf 90' lang='lat' dir='ltr'>in-</span> 
     </span>
     <span class='ocr_line' id='line_1_23' title="bbox 135 1941 1539 2005; baseline 0 -18"><span class='ocrx_word' id='word_1_181' title='bbox 135 1950 300 1999; x_wconf 86' lang='lat' dir='ltr'>tuens,</span> <span class='ocrx_word' id='word_1_182' title='bbox 340 1942 512 1989; x_wconf 86' lang='lat' dir='ltr'>timore</span> <span class='ocrx_word' id='word_1_183' title='bbox 551 1952 798 2005; x_wconf 87' lang='lat' dir='ltr'>correptus</span> <span class='ocrx_word' id='word_1_184' title='bbox 829 1941 887 1987; x_wconf 89' lang='lat' dir='ltr'>ab</span> <span class='ocrx_word' id='word_1_185' title='bbox 930 1942 1012 1989; x_wconf 92' lang='lat' dir='ltr'>illo</span> <span class='ocrx_word' id='word_1_186' title='bbox 1044 1941 1221 1987; x_wconf 86' lang='lat' dir='ltr'>audivit</span> <span class='ocrx_word' id='word_1_187' title='bbox 1262 1962 1272 1987; x_wconf 77' lang='lat' dir='ltr'><strong><em>z</em></strong></span> <span class='ocrx_word' id='word_1_188' title='bbox 1318 1943 1539 1999; x_wconf 78' lang='lat' dir='ltr'>Corneli,</span> 
     </span>
     <span class='ocr_line' id='line_1_24' title="bbox 132 2019 1544 2084; baseline -0.001 -17"><span class='ocrx_word' id='word_1_189' title='bbox 132 2023 373 2067; x_wconf 76' lang='lat' dir='ltr'>orationes</span> <span class='ocrx_word' id='word_1_190' title='bbox 399 2032 492 2066; x_wconf 72' lang='lat' dir='ltr'>tuce</span> <span class='ocrx_word' id='word_1_191' title='bbox 516 2031 559 2066; x_wconf 80' lang='lat' dir='ltr'>et</span> <span class='ocrx_word' id='word_1_192' title='bbox 582 2020 889 2084; x_wconf 70' lang='lat' dir='ltr'>eleemosynoe</span> <span class='ocrx_word' id='word_1_193' title='bbox 913 2031 1006 2066; x_wconf 59' lang='lat' dir='ltr'>tua?</span> <span class='ocrx_word' id='word_1_194' title='bbox 1029 2019 1347 2066; x_wconf 76' lang='lat' dir='ltr'>ascenderunt</span> <span class='ocrx_word' id='word_1_195' title='bbox 1374 2023 1423 2065; x_wconf 82' lang='lat' dir='ltr'>in</span> <span class='ocrx_word' id='word_1_196' title='bbox 1451 2038 1544 2065; x_wconf 87' lang='lat' dir='ltr'>me-</span> 
     </span>
     <span class='ocr_line' id='line_1_25' title="bbox 134 2095 1545 2162; baseline -0.001 -18"><span class='ocrx_word' id='word_1_197' title='bbox 134 2099 337 2144; x_wconf 79' lang='lat' dir='ltr'>moriam</span> <span class='ocrx_word' id='word_1_198' title='bbox 363 2099 412 2143; x_wconf 84' lang='lat' dir='ltr'>in</span> <span class='ocrx_word' id='word_1_199' title='bbox 436 2108 692 2162; x_wconf 76' lang='lat' dir='ltr'>conspecta</span> <span class='ocrx_word' id='word_1_200' title='bbox 715 2097 825 2143; x_wconf 68' lang='lat' dir='ltr'>Dei.</span> <span class='ocrx_word' id='word_1_201' title='bbox 856 2095 1036 2144; x_wconf 83' lang='lat' dir='ltr'>Deinde</span> <span class='ocrx_word' id='word_1_202' title='bbox 1059 2096 1286 2161; x_wconf 82' lang='lat' dir='ltr'>praecepit</span> <span class='ocrx_word' id='word_1_203' title='bbox 1314 2107 1367 2142; x_wconf 91' lang='lat' dir='ltr'>ut</span> <span class='ocrx_word' id='word_1_204' title='bbox 1393 2096 1545 2143; x_wconf 90' lang='lat' dir='ltr'>Simo-</span> 
     </span>
     <span class='ocr_line' id='line_1_26' title="bbox 134 2174 1544 2240; baseline -0.003 -16"><span class='ocrx_word' id='word_1_205' title='bbox 134 2193 245 2224; x_wconf 88' lang='lat' dir='ltr'>nem</span> <span class='ocrx_word' id='word_1_206' title='bbox 289 2178 484 2223; x_wconf 87' lang='lat' dir='ltr'>Petrum</span> <span class='ocrx_word' id='word_1_207' title='bbox 521 2176 768 2222; x_wconf 85' lang='lat' dir='ltr'>accersiret</span> <span class='ocrx_word' id='word_1_208' title='bbox 790 2212 802 2232; x_wconf 92' lang='lat'>‚</span> <span class='ocrx_word' id='word_1_209' title='bbox 848 2194 870 2221; x_wconf 89' lang='lat' dir='ltr'>a</span> <span class='ocrx_word' id='word_1_210' title='bbox 925 2192 1022 2240; x_wconf 89' lang='lat' dir='ltr'>quo</span> <span class='ocrx_word' id='word_1_211' title='bbox 1063 2175 1314 2222; x_wconf 89' lang='lat' dir='ltr'>consilium</span> <span class='ocrx_word' id='word_1_212' title='bbox 1357 2174 1544 2221; x_wconf 85' lang='lat' dir='ltr'>salubre</span> 
     </span>
     <span class='ocr_line' id='line_1_27' title="bbox 137 2252 1547 2318; baseline -0.002 -18"><span class='ocrx_word' id='word_1_213' title='bbox 137 2254 338 2302; x_wconf 88' lang='lat' dir='ltr'>audiret.</span> <span class='ocrx_word' id='word_1_214' title='bbox 368 2254 431 2300; x_wconf 91' lang='lat' dir='ltr'>At</span> <span class='ocrx_word' id='word_1_215' title='bbox 459 2254 535 2301; x_wconf 85' lang='lat' dir='ltr'>ille</span> <span class='ocrx_word' id='word_1_216' title='bbox 556 2252 743 2318; x_wconf 89' lang='lat' dir='ltr'>jubenti</span> <span class='ocrx_word' id='word_1_217' title='bbox 770 2269 882 2300; x_wconf 86' lang='lat' dir='ltr'>mox</span> <span class='ocrx_word' id='word_1_218' title='bbox 918 2253 1102 2317; x_wconf 87' lang='lat' dir='ltr'>paruit,</span> <span class='ocrx_word' id='word_1_219' title='bbox 1137 2264 1177 2300; x_wconf 80' lang='lat' dir='ltr'>et</span> <span class='ocrx_word' id='word_1_220' title='bbox 1208 2262 1301 2299; x_wconf 84' lang='lat' dir='ltr'>tres</span> <span class='ocrx_word' id='word_1_221' title='bbox 1329 2252 1456 2299; x_wconf 86' lang='lat' dir='ltr'>viros</span> <span class='ocrx_word' id='word_1_222' title='bbox 1490 2252 1547 2298; x_wconf 87' lang='lat' dir='ltr'>ad</span> 
     </span>
     <span class='ocr_line' id='line_1_28' title="bbox 137 2329 1547 2396; baseline -0.002 -18"><span class='ocrx_word' id='word_1_223' title='bbox 137 2331 331 2379; x_wconf 90' lang='lat' dir='ltr'>Petrum</span> <span class='ocrx_word' id='word_1_224' title='bbox 366 2332 510 2379; x_wconf 84' lang='lat' dir='ltr'>misit.</span> <span class='ocrx_word' id='word_1_225' title='bbox 556 2334 746 2379; x_wconf 86' lang='lat' dir='ltr'>Postera</span> <span class='ocrx_word' id='word_1_226' title='bbox 786 2331 887 2389; x_wconf 87' lang='lat' dir='ltr'>die,</span> <span class='ocrx_word' id='word_1_227' title='bbox 931 2331 1021 2378; x_wconf 89' lang='lat' dir='ltr'>illis</span> <span class='ocrx_word' id='word_1_228' title='bbox 1053 2329 1547 2396; x_wconf 86' lang='lat' dir='ltr'>appropinquantibus</span> 
     </span>
     <span class='ocr_line' id='line_1_29' title="bbox 138 2408 1548 2472; baseline -0.002 -16"><span class='ocrx_word' id='word_1_229' title='bbox 138 2410 341 2468; x_wconf 88' lang='lat' dir='ltr'>civitati,</span> <span class='ocrx_word' id='word_1_230' title='bbox 369 2412 533 2457; x_wconf 85' lang='lat' dir='ltr'>Petrus</span> <span class='ocrx_word' id='word_1_231' title='bbox 560 2411 680 2456; x_wconf 86' lang='lat' dir='ltr'>circa</span> <span class='ocrx_word' id='word_1_232' title='bbox 707 2410 870 2457; x_wconf 86' lang='lat' dir='ltr'>horam</span> <span class='ocrx_word' id='word_1_233' title='bbox 895 2420 1073 2456; x_wconf 86' lang='lat' dir='ltr'>sextam</span> <span class='ocrx_word' id='word_1_234' title='bbox 1095 2408 1302 2456; x_wconf 87' lang='lat' dir='ltr'>ascendit</span> <span class='ocrx_word' id='word_1_235' title='bbox 1331 2408 1380 2454; x_wconf 91' lang='lat' dir='ltr'>in</span> <span class='ocrx_word' id='word_1_236' title='bbox 1416 2425 1548 2472; x_wconf 91' lang='lat' dir='ltr'>supe-</span> 
     </span>
     <span class='ocr_line' id='line_1_30' title="bbox 139 2483 1543 2552; baseline -0.002 -20"><span class='ocrx_word' id='word_1_237' title='bbox 139 2488 293 2544; x_wconf 86' lang='lat' dir='ltr'>riora,</span> <span class='ocrx_word' id='word_1_238' title='bbox 322 2497 376 2533; x_wconf 91' lang='lat' dir='ltr'>ut</span> <span class='ocrx_word' id='word_1_239' title='bbox 399 2496 575 2534; x_wconf 86' lang='lat' dir='ltr'>oraret.</span> <span class='ocrx_word' id='word_1_240' title='bbox 604 2487 817 2552; x_wconf 90' lang='lat' dir='ltr'>Cumque</span> <span class='ocrx_word' id='word_1_241' title='bbox 848 2486 1047 2534; x_wconf 86' lang='lat' dir='ltr'>esuriret</span> <span class='ocrx_word' id='word_1_242' title='bbox 1078 2497 1125 2533; x_wconf 88' lang='lat' dir='ltr'>ct</span> <span class='ocrx_word' id='word_1_243' title='bbox 1148 2485 1361 2549; x_wconf 86' lang='lat' dir='ltr'>supernis</span> <span class='ocrx_word' id='word_1_244' title='bbox 1393 2483 1543 2530; x_wconf 87' lang='lat' dir='ltr'>inhia-</span> 
     </span>
    </p>
   </div>
   <div class='ocr_carea' id='block_1_3' title="bbox 143 2603 237 2610">
    <p class='ocr_par' dir='ltr' id='par_1_4' title="bbox 143 2603 237 2610">
     <span class='ocr_line' id='line_1_31' title="bbox 143 2603 237 2610; baseline 0 0"><span class='ocrx_word' id='word_1_245' title='bbox 143 2603 237 2610; x_wconf 82' lang='lat'>——-</span> 
     </span>
    </p>
   </div>
   <div class='ocr_carea' id='block_1_4' title="bbox 145 2671 1546 2782">
    <p class='ocr_par' dir='ltr' id='par_1_5' title="bbox 145 2671 1546 2782">
     <span class='ocr_line' id='line_1_32' title="bbox 187 2671 1546 2721; baseline -0.004 -13"><span class='ocrx_word' id='word_1_246' title='bbox 187 2675 237 2720; x_wconf 87' lang='grc' dir='ltr'>(ι)</span> <span class='ocrx_word' id='word_1_247' title='bbox 262 2676 346 2710; x_wconf 83' lang='lat' dir='ltr'>Act.</span> <span class='ocrx_word' id='word_1_248' title='bbox 366 2682 484 2721; x_wconf 73' lang='lat' dir='ltr'>apost.</span> <span class='ocrx_word' id='word_1_249' title='bbox 507 2688 554 2718; x_wconf 73' lang='lat' dir='ltr'>ux,</span> <span class='ocrx_word' id='word_1_250' title='bbox 575 2674 697 2717; x_wconf 73' lang='lat'>52-42.</span> <span class='ocrx_word' id='word_1_251' title='bbox 714 2673 808 2719; x_wconf 67' lang='lat'>(33.)</span> <span class='ocrx_word' id='word_1_252' title='bbox 827 2674 887 2710; x_wconf 92' lang='lat' dir='ltr'>On</span> <span class='ocrx_word' id='word_1_253' title='bbox 908 2687 952 2708; x_wconf 82' lang='lat' dir='ltr'>nc</span> <span class='ocrx_word' id='word_1_254' title='bbox 972 2674 1049 2708; x_wconf 85' lang='lat' dir='ltr'>doit</span> <span class='ocrx_word' id='word_1_255' title='bbox 1064 2686 1124 2720; x_wconf 85' lang='lat' dir='ltr'>pas</span> <span class='ocrx_word' id='word_1_256' title='bbox 1144 2673 1285 2708; x_wconf 82' lang='lat' dir='ltr'>oublier</span> <span class='ocrx_word' id='word_1_257' title='bbox 1299 2685 1370 2719; x_wconf 85' lang='lat' dir='ltr'>que</span> <span class='ocrx_word' id='word_1_258' title='bbox 1388 2671 1546 2707; x_wconf 78' lang='lat' dir='ltr'>Tabitha</span> 
     </span>
     <span class='ocr_line' id='line_1_33' title="bbox 145 2735 826 2782; baseline 0.001 -15"><span class='ocrx_word' id='word_1_259' title='bbox 145 2741 180 2769; x_wconf 81' lang='lat' dir='ltr'>et</span> <span class='ocrx_word' id='word_1_260' title='bbox 199 2735 332 2769; x_wconf 78' lang='lat' dir='ltr'>Dorcas</span> <span class='ocrx_word' id='word_1_261' title='bbox 351 2744 430 2770; x_wconf 84' lang='lat' dir='ltr'>sont</span> <span class='ocrx_word' id='word_1_262' title='bbox 451 2737 482 2770; x_wconf 84' lang='lat' dir='ltr'>la</span> <span class='ocrx_word' id='word_1_263' title='bbox 501 2737 618 2770; x_wconf 58' lang='lat' dir='ltr'>instinc</span> <span class='ocrx_word' id='word_1_264' title='bbox 636 2748 826 2782; x_wconf 66' lang='lat' dir='ltr'>personne</span> 
     </span>
    </p>
   </div>
  </div>
 </body>
</html>
