1738 3043
562 222 717 262 LIBER
745 222 1028 263 SECUNDUS.
1437 226 1518 265 235

84 305 165 353 siae
205 313 387 351 rectam
426 302 569 351 fidem
610 302 790 351 nefaria
831 301 998 350 haeresi
1039 303 1252 368 primum
1291 305 1512 352 armavit.

83 383 237 430 Porro
271 391 439 429 contra
469 381 606 427 illum
634 381 944 445 omnipotens
967 381 1256 430 Emmanuel
1284 382 1520 448 insignem

83 460 270 507 militiae
291 477 387 506 suae
412 460 693 524 magistrum
712 458 931 505 cominus
951 458 1179 507 dimicare
1202 462 1516 526 praeparavit:

85 539 332 605 Simonem
358 539 553 586 Petrum
574 536 710 595 dico,
739 538 814 584 cui
841 537 1058 586 Christus
1086 538 1235 586 claves
1263 541 1397 605 regni
1425 557 1523 587 coe-

85 610 214 665 lestis
235 615 446 674 tradidit,
469 626 515 664 et
536 615 868 680 apostolorum
886 616 1176 681 principem,
1198 617 1523 684 Ecclesiaeque

85 694 296 760 probum
320 705 560 743 rectorem
590 694 862 742 constituit.
897 694 986 741 Hic
1018 694 1176 759 itaque
1206 695 1410 742 Romam
1438 713 1524 743 ve-

88 773 250 830 niens,
273 771 526 837 splendore
547 772 760 818 veritatis
780 781 826 818 et
843 771 1046 836 justitiae
1068 770 1288 819 tenebras
1307 772 1524 820 falsitatis

86 850 328 907 discussit;
353 848 516 916 ibique
534 848 707 915 dignus
727 866 898 897 censor
909 851 1036 914 juste
1048 849 1295 915 judicanS,
1323 866 1417 898 xxv
1442 868 1526 898 an-

87 947 201 987 nos,
228 945 261 975 11
288 947 497 986 menses,
525 929 624 976 dies
648 945 728 987 111,
751 927 872 976 sedit
895 929 994 994 (ι).

153 1007 372 1072 Cumque
397 1006 583 1053 clarum
603 1006 736 1055 ver‘bi
757 1007 843 1055 Dei
873 1007 1038 1055 lumen
1063 1025 1278 1056 romanae
1297 1007 1406 1055 urbi
1428 1006 1529 1054 ful-

88 1085 245 1142 sisset,
284 1095 333 1133 et
369 1103 528 1134 sermo
556 1076 796 1144 veritatis,
837 1087 920 1152 qui
954 1105 1041 1152 per
1072 1088 1271 1134 Petrum
1294 1086 1529 1152 praedica-

88 1162 251 1222 batur,
277 1165 499 1212 omnium
523 1175 709 1212 mentes
733 1164 1010 1212 auditorum
1038 1166 1344 1223 illustrasset,
1367 1166 1527 1231 eisque

92 1242 142 1290 in
169 1252 360 1290 tantum
384 1243 664 1308 placuisset,
695 1254 748 1290 ut
780 1243 997 1308 quotidie
1022 1243 1326 1292 audientibus
1345 1243 1529 1291 auditio

91 1320 188 1368 sola
214 1338 315 1369 non
341 1321 600 1379 sufficeret,
628 1322 816 1370 Marcus
840 1323 1042 1387 apostoli
1070 1323 1356 1388 discipuluS,
1383 1323 1527 1369 innu-

92 1400 237 1447 meris
282 1410 329 1448 et
364 1400 658 1466 quotidianis
694 1399 917 1465 precibus
955 1412 1170 1458 coactus,
1211 1399 1529 1466 Evangelium

94 1479 307 1544 scripsit,
330 1489 378 1526 et
393 1497 498 1542 quae
517 1478 595 1526 ille
609 1478 758 1527 verbo
777 1478 1097 1544 praedicabat,
1118 1478 1196 1526 hic
1215 1480 1396 1544 scripto
1413 1495 1532 1526 con-

93 1557 258 1622 gessit,
298 1574 351 1603 ae
383 1555 440 1603 ad
473 1567 755 1620 perpetuam
793 1556 1056 1622 legentium
1097 1556 1534 1605 commonitionem

94 1633 363 1698 posteritati
402 1633 682 1680 transmisit.
722 1634 893 1681 Petrus
917 1651 1059 1691 vero,
1097 1645 1153 1681 ut
1184 1652 1271 1699 per
1297 1633 1535 1698 Spiritum

96 1712 326 1757 Sanctum
356 1710 579 1776 religioso
613 1728 660 1758 se
696 1711 954 1776 spoliatum
986 1711 1123 1760 furto
1151 1711 1416 1776 comperit,
1452 1710 1533 1759 de-

97 1788 296 1837 lectatus
332 1799 423 1847 est;
467 1789 611 1837 fidem
647 1806 818 1837 eorum
850 1808 937 1855 per
970 1789 1102 1848 haec,
1131 1790 1538 1855 devotionemque

99 1869 432 1926 considerans,
476 1868 658 1916 factum
699 1869 1031 1927 confirmavit,
1074 1879 1123 1917 et
1161 1870 1210 1916 in
1240 1879 1538 1934 ‚perpetuum

100 1945 349 2012 legendam
379 1946 588 1994 ecclesiis
619 1947 907 2011 scripturam
947 1946 1143 1995 tradidit
1173 1948 1281 2012 (2),
1316 1947 1539 2012 epistolas

150 2153 202 2198 (1)
227 2151 325 2188 C’est
350 2151 528 2199 l’opinion
557 2164 755 2187 commune
781 2151 870 2187 dans
897 2144 1065 2199 l’Eglise,
1091 2159 1129 2187 et
1154 2164 1288 2187 encore
1313 2151 1496 2199 professee
1523 2152 1544 2185 ξι

106 2211 241 2257 Rome,
258 2224 331 2260 que
348 2212 444 2247 saint
462 2212 589 2247 Pierre
607 2225 626 2247 a
642 2213 827 2260 gouverne
843 2218 938 2247 cette
953 2211 1064 2260 eglise
1081 2211 1244 2259 pendant
1259 2211 1341 2258 plus
1359 2210 1405 2246 de
1419 2210 1543 2257 vingt-

106 2273 191 2321 ciuq
217 2285 295 2308 ans.
323 2272 376 2307 De
402 2272 435 2307 la
460 2273 631 2320 provient
655 2272 793 2321 l'usage
822 2272 867 2308 de
897 2272 929 2307 la
961 2272 1119 2307 sormnle
1147 2273 1176 2307 si
1201 2283 1346 2307 connue
1377 2270 1545 2306 adressee

109 2336 128 2368 a
145 2334 289 2382 chaque
311 2346 404 2381 pape
428 2346 473 2368 au
499 2340 665 2369 moment
691 2334 736 2369 de
764 2345 829 2368 son
855 2332 1079 2368 installation
1105 2349 1111 2366 ς
1141 2333 1230 2368 Νοη
1254 2332 1402 2368 videbis·
1426 2344 1547 2366 anuos

111 2394 225 2430 Petri.
244 2394 624 2437 Malheureusement,
643 2394 668 2429 il
686 2395 743 2441 n'y
764 2407 783 2429 a
803 2395 883 2429 rien
903 2394 949 2429 de
973 2394 1092 2429 moins
1107 2394 1351 2442 autlientique
1369 2393 1408 2428 ni
1428 2393 1548 2428 meme

111 2454 157 2490 de
170 2455 252 2503 plus
270 2454 375 2490 facilc
392 2457 411 2489 ἐι
431 2455 570 2490 refutet·
586 2467 658 2502 que
677 2467 717 2490 ce
735 2454 823 2502 long
844 2455 967 2501 sejour
985 2454 1032 2489 ‹le
1052 2455 1148 2489 saint
1165 2454 1292 2490 Pierrc
1310 2456 1329 2488 a
1350 2453 1480 2488 Rome.
1497 2453 1550 2487 Ce

112 2515 175 2561 qui
194 2515 311 2562 paruit
334 2514 526 2563 probable,
557 2515 661 2562 apres
686 2527 737 2548 un
757 2526 910 2549 examen
934 2513 1102 2557 attentis,
1124 2520 1178 2548 est
1204 2511 1295 2561 qu‘il
1321 2526 1343 2560 y
1371 2524 1458 2547 aura
1483 2512 1550 2546 fait

115 2587 164 2610 un
184 2576 345 2623 premier
360 2587 496 2623 voyage
515 2588 560 2610 en
577 2574 623 2611 58
637 2603 646 2619 ,
667 2582 704 2610 et
719 2575 808 2623 qu'il
825 2587 848 2621 y
866 2586 944 2609 sera
965 2587 1099 2610 revenu
1116 2587 1161 2609 en
1180 2573 1239 2609 65.

161 2638 212 2683 (2)
236 2638 334 2672 C'est
358 2650 430 2672 une
449 2636 627 2672 tradition
654 2648 762 2683 tecue
786 2635 876 2671 dans
898 2627 1065 2683 l'Eglise,
1090 2647 1163 2683 que
1183 2636 1278 2670 saint
1297 2635 1396 2669 Marc
1419 2646 1438 2666 a
1458 2632 1550 2666 ecrit

119 2707 183 2730 son
202 2689 374 2745 Evaugile
393 2697 535 2745 d'apres
553 2710 593 2733 ce
616 2709 688 2746 quc
714 2697 809 2732 saint
833 2696 959 2731 Pierre
978 2695 1030 2731 lui
1049 2697 1143 2731 avait
1162 2697 1311 2731 raconte
1329 2694 1392 2729 des
1410 2693 1551 2727 actions

119 2761 156 2790 ct
174 2754 236 2790 des
254 2756 397 2803 pai-oles
419 2758 464 2793 de
482 2758 753 2801 Jesus-Christ;
783 2757 873 2792 mais
899 2768 1046 2793 comme
1069 2763 1128 2792 cet
1148 2748 1320 2802 Evangile
1333 2782 1341 2798 ‚
1364 2753 1554 2798 beaucoup
