<?xml version="1.0" encoding="UTF-8"?>
<!DOCTYPE html PUBLIC "-//W3C//DTD XHTML 1.0 Transitional//EN"
    "http://www.w3.org/TR/xhtml1/DTD/xhtml1-transitional.dtd">
<html xmlns="http://www.w3.org/1999/xhtml" xml:lang="en" lang="en">
 <head>
  <title>
</title>
<meta http-equiv="Content-Type" content="text/html;charset=utf-8" />
  <meta name='ocr-system' content='tesseract 3.04.00' />
  <meta name='ocr-capabilities' content='ocr_page ocr_carea ocr_par ocr_line ocrx_word'/>
</head>
<body>
  <div class='ocr_page' id='page_1' title='image "./ordericivitalish01ordeuoft/ordericivitalish01ordeuoft_0173.png"; bbox 0 0 1738 3043; ppageno 0'>
   <div class='ocr_carea' id='block_1_1' title="bbox 555 242 1458 284">
    <p class='ocr_par' dir='ltr' id='par_1_1' title="bbox 555 242 1458 284">
     <span class='ocr_line' id='line_1_1' title="bbox 555 242 1458 284; baseline 0.003 -3"><span class='ocrx_word' id='word_1_1' title='bbox 555 243 707 282; x_wconf 78' lang='lat' dir='ltr'>LIBER</span> <span class='ocrx_word' id='word_1_2' title='bbox 739 242 946 283; x_wconf 76' lang='lat' dir='ltr'>PRIMLS.</span> <span class='ocrx_word' id='word_1_3' title='bbox 1387 248 1458 284; x_wconf 79' lang='lat'>157</span> 
     </span>
    </p>
   </div>
   <div class='ocr_carea' id='block_1_2' title="bbox 34 323 1461 1868">
    <p class='ocr_par' dir='ltr' id='par_1_2' title="bbox 35 323 1461 1320">
     <span class='ocr_line' id='line_1_2' title="bbox 40 323 1461 390; baseline 0.001 -19"><span class='ocrx_word' id='word_1_4' title='bbox 40 341 147 390; x_wconf 78' lang='lat' dir='ltr'>gem</span> <span class='ocrx_word' id='word_1_5' title='bbox 181 324 475 370; x_wconf 78' lang='lat' dir='ltr'>Francorum</span> <span class='ocrx_word' id='word_1_6' title='bbox 509 323 770 380; x_wconf 84' lang='lat' dir='ltr'>Karolum,</span> <span class='ocrx_word' id='word_1_7' title='bbox 799 324 880 388; x_wconf 89' lang='lat' dir='ltr'>qui</span> <span class='ocrx_word' id='word_1_8' title='bbox 907 326 1004 386; x_wconf 86' lang='lat' dir='ltr'>jam</span> <span class='ocrx_word' id='word_1_9' title='bbox 1039 324 1188 371; x_wconf 81' lang='lat' dir='ltr'>multa</span> <span class='ocrx_word' id='word_1_10' title='bbox 1220 324 1461 389; x_wconf 82' lang='lat' dir='ltr'>probitate</span> 
     </span>
     <span class='ocr_line' id='line_1_3' title="bbox 42 400 1460 468; baseline 0.004 -21"><span class='ocrx_word' id='word_1_11' title='bbox 42 400 133 448; x_wconf 81' lang='lat' dir='ltr'>inis</span> <span class='ocrx_word' id='word_1_12' title='bbox 154 401 477 464; x_wconf 75' lang='lat' dir='ltr'>patrocinatus</span> <span class='ocrx_word' id='word_1_13' title='bbox 496 400 673 456; x_wconf 83' lang='lat' dir='ltr'>fuerat,</span> <span class='ocrx_word' id='word_1_14' title='bbox 701 400 946 464; x_wconf 76' lang='lat' dir='ltr'>elegerunt</span> <span class='ocrx_word' id='word_1_15' title='bbox 965 436 978 457; x_wconf 91' lang='lat'>,</span> <span class='ocrx_word' id='word_1_16' title='bbox 1012 411 1059 448; x_wconf 89' lang='lat' dir='ltr'>et</span> <span class='ocrx_word' id='word_1_17' title='bbox 1082 419 1284 450; x_wconf 89' lang='lat' dir='ltr'>romano</span> <span class='ocrx_word' id='word_1_18' title='bbox 1304 404 1460 468; x_wconf 90' lang='lat' dir='ltr'>impo-</span> 
     </span>
     <span class='ocr_line' id='line_1_4' title="bbox 41 478 1458 546; baseline 0.001 -19"><span class='ocrx_word' id='word_1_19' title='bbox 41 496 154 527; x_wconf 83' lang='lat' dir='ltr'>nere</span> <span class='ocrx_word' id='word_1_20' title='bbox 178 478 363 543; x_wconf 82' lang='lat' dir='ltr'>sastigio</span> <span class='ocrx_word' id='word_1_21' title='bbox 381 478 711 525; x_wconf 75' lang='lat' dir='ltr'>decreverunt.</span> <span class='ocrx_word' id='word_1_22' title='bbox 741 478 924 538; x_wconf 85' lang='lat' dir='ltr'>Quinto</span> <span class='ocrx_word' id='word_1_23' title='bbox 953 479 1110 544; x_wconf 84' lang='lat' dir='ltr'>itaque</span> <span class='ocrx_word' id='word_1_24' title='bbox 1135 481 1303 527; x_wconf 86' lang='lat' dir='ltr'>Leonis</span> <span class='ocrx_word' id='word_1_25' title='bbox 1327 499 1458 546; x_wconf 74' lang='lat' dir='ltr'>papae</span> 
     </span>
     <span class='ocr_line' id='line_1_5' title="bbox 41 556 1459 622; baseline 0.003 -19"><span class='ocrx_word' id='word_1_26' title='bbox 41 575 199 612; x_wconf 88' lang='lat' dir='ltr'>anno,</span> <span class='ocrx_word' id='word_1_27' title='bbox 236 557 318 622; x_wconf 89' lang='lat' dir='ltr'>qui</span> <span class='ocrx_word' id='word_1_28' title='bbox 354 556 413 602; x_wconf 84' lang='lat' dir='ltr'>ab</span> <span class='ocrx_word' id='word_1_29' title='bbox 447 556 774 603; x_wconf 83' lang='lat' dir='ltr'>incarnatione</span> <span class='ocrx_word' id='word_1_30' title='bbox 805 557 997 603; x_wconf 87' lang='lat' dir='ltr'>Domini</span> <span class='ocrx_word' id='word_1_31' title='bbox 1033 569 1269 604; x_wconf 72' lang='lat' dir='ltr'>Dcccvlw·</span> <span class='ocrx_word' id='word_1_32' title='bbox 1307 577 1459 607; x_wconf 90' lang='lat' dir='ltr'>annus</span> 
     </span>
     <span class='ocr_line' id='line_1_6' title="bbox 40 635 1460 699; baseline 0.001 -17"><span class='ocrx_word' id='word_1_33' title='bbox 40 647 132 693; x_wconf 88' lang='lat' dir='ltr'>est,</span> <span class='ocrx_word' id='word_1_34' title='bbox 159 637 360 682; x_wconf 75' lang='lat' dir='ltr'>Karoius</span> <span class='ocrx_word' id='word_1_35' title='bbox 385 636 580 699; x_wconf 82' lang='lat' dir='ltr'>Magnus</span> <span class='ocrx_word' id='word_1_36' title='bbox 604 652 709 691; x_wconf 89' lang='lat' dir='ltr'>rex,</span> <span class='ocrx_word' id='word_1_37' title='bbox 745 635 1004 698; x_wconf 77' lang='lat' dir='ltr'>imperator</span> <span class='ocrx_word' id='word_1_38' title='bbox 1028 646 1242 681; x_wconf 77' lang='lat' dir='ltr'>1.xxxln&#39;¹&#39;</span> <span class='ocrx_word' id='word_1_39' title='bbox 1271 635 1329 683; x_wconf 90' lang='lat' dir='ltr'>ab</span> <span class='ocrx_word' id='word_1_40' title='bbox 1358 636 1460 684; x_wconf 85' lang='lat' dir='ltr'>Au-</span> 
     </span>
     <span class='ocr_line' id='line_1_7' title="bbox 35 712 1460 778; baseline 0.002 -20"><span class='ocrx_word' id='word_1_41' title='bbox 35 723 175 778; x_wconf 86' lang='lat' dir='ltr'>gusto</span> <span class='ocrx_word' id='word_1_42' title='bbox 211 712 360 758; x_wconf 86' lang='lat' dir='ltr'>sactus</span> <span class='ocrx_word' id='word_1_43' title='bbox 397 721 501 768; x_wconf 89' lang='lat' dir='ltr'>est,</span> <span class='ocrx_word' id='word_1_44' title='bbox 542 721 590 758; x_wconf 90' lang='lat' dir='ltr'>et</span> <span class='ocrx_word' id='word_1_45' title='bbox 622 729 644 757; x_wconf 87' lang='lat' dir='ltr'>a</span> <span class='ocrx_word' id='word_1_46' title='bbox 683 712 911 759; x_wconf 88' lang='lat' dir='ltr'>Romanis</span> <span class='ocrx_word' id='word_1_47' title='bbox 940 722 1162 775; x_wconf 75' lang='lat' dir='ltr'>augustus</span> <span class='ocrx_word' id='word_1_48' title='bbox 1201 714 1460 777; x_wconf 82' lang='lat' dir='ltr'>appellatus</span> 
     </span>
     <span class='ocr_line' id='line_1_8' title="bbox 38 779 1459 856; baseline 0.001 -18"><span class='ocrx_word' id='word_1_49' title='bbox 38 801 124 838; x_wconf 82' lang='lat' dir='ltr'>est.</span> <span class='ocrx_word' id='word_1_50' title='bbox 161 789 270 838; x_wconf 84' lang='lat' dir='ltr'>lllos</span> <span class='ocrx_word' id='word_1_51' title='bbox 310 801 496 846; x_wconf 90' lang='lat' dir='ltr'>autem,</span> <span class='ocrx_word' id='word_1_52' title='bbox 540 790 622 855; x_wconf 89' lang='lat' dir='ltr'>qui</span> <span class='ocrx_word' id='word_1_53' title='bbox 665 779 874 837; x_wconf 63' lang='lat' dir='ltr'>Leonem</span> <span class='ocrx_word' id='word_1_54' title='bbox 909 808 1104 855; x_wconf 90' lang='lat' dir='ltr'>papam,</span> <span class='ocrx_word' id='word_1_55' title='bbox 1140 809 1163 837; x_wconf 92' lang='lat' dir='ltr'>a</span> <span class='ocrx_word' id='word_1_56' title='bbox 1205 809 1302 856; x_wconf 88' lang='lat' dir='ltr'>quo</span> <span class='ocrx_word' id='word_1_57' title='bbox 1338 810 1459 840; x_wconf 91' lang='lat' dir='ltr'>con-</span> 
     </span>
     <span class='ocr_line' id='line_1_9' title="bbox 38 867 1457 928; baseline 0.001 -12"><span class='ocrx_word' id='word_1_58' title='bbox 38 877 242 916; x_wconf 76' lang='lat' dir='ltr'>secratus</span> <span class='ocrx_word' id='word_1_59' title='bbox 278 867 460 923; x_wconf 87' lang='lat' dir='ltr'>fuerat,</span> <span class='ocrx_word' id='word_1_60' title='bbox 496 867 953 926; x_wconf 81' lang='lat' dir='ltr'>dehonestaverant,</span> <span class='ocrx_word' id='word_1_61' title='bbox 994 879 1150 916; x_wconf 88' lang='lat' dir='ltr'>morte</span> <span class='ocrx_word' id='word_1_62' title='bbox 1184 870 1457 928; x_wconf 85' lang='lat' dir='ltr'>damnavit;</span> 
     </span>
     <span class='ocr_line' id='line_1_10' title="bbox 38 944 1455 1011; baseline 0.001 -17"><span class='ocrx_word' id='word_1_63' title='bbox 38 945 116 994; x_wconf 78' lang='lat' dir='ltr'>sed</span> <span class='ocrx_word' id='word_1_64' title='bbox 156 944 376 1011; x_wconf 88' lang='lat' dir='ltr'>precibus</span> <span class='ocrx_word' id='word_1_65' title='bbox 422 963 556 1011; x_wconf 65' lang='lat' dir='ltr'>papze</span> <span class='ocrx_word' id='word_1_66' title='bbox 591 956 748 994; x_wconf 90' lang='lat' dir='ltr'>morte</span> <span class='ocrx_word' id='word_1_67' title='bbox 788 946 1008 1004; x_wconf 84' lang='lat' dir='ltr'>indulta,</span> <span class='ocrx_word' id='word_1_68' title='bbox 1055 947 1197 995; x_wconf 90' lang='lat' dir='ltr'>exilio</span> <span class='ocrx_word' id='word_1_69' title='bbox 1243 950 1455 996; x_wconf 85' lang='lat' dir='ltr'>retrusit.</span> 
     </span>
     <span class='ocr_line' id='line_1_11' title="bbox 37 1022 1455 1089; baseline 0.003 -20"><span class='ocrx_word' id='word_1_70' title='bbox 37 1022 169 1070; x_wconf 77' lang='lat' dir='ltr'>Circa</span> <span class='ocrx_word' id='word_1_71' title='bbox 219 1022 265 1069; x_wconf 91' lang='lat' dir='ltr'>id</span> <span class='ocrx_word' id='word_1_72' title='bbox 308 1033 492 1088; x_wconf 88' lang='lat' dir='ltr'>tempus</span> <span class='ocrx_word' id='word_1_73' title='bbox 535 1034 674 1070; x_wconf 83' lang='lat' dir='ltr'>terrae</span> <span class='ocrx_word' id='word_1_74' title='bbox 716 1034 875 1071; x_wconf 87' lang='lat' dir='ltr'>motus</span> <span class='ocrx_word' id='word_1_75' title='bbox 917 1042 1115 1089; x_wconf 73' lang='lat' dir='ltr'>magnus</span> <span class='ocrx_word' id='word_1_76' title='bbox 1161 1024 1312 1072; x_wconf 88' lang='lat' dir='ltr'>factus</span> <span class='ocrx_word' id='word_1_77' title='bbox 1352 1036 1455 1083; x_wconf 89' lang='lat' dir='ltr'>est,</span> 
     </span>
     <span class='ocr_line' id='line_1_12' title="bbox 36 1101 1456 1168; baseline 0.002 -21"><span class='ocrx_word' id='word_1_78' title='bbox 36 1102 117 1168; x_wconf 89' lang='lat' dir='ltr'>qui</span> <span class='ocrx_word' id='word_1_79' title='bbox 155 1119 276 1166; x_wconf 88' lang='lat' dir='ltr'>pene</span> <span class='ocrx_word' id='word_1_80' title='bbox 313 1111 464 1148; x_wconf 88' lang='lat' dir='ltr'>totam</span> <span class='ocrx_word' id='word_1_81' title='bbox 503 1101 684 1148; x_wconf 81' lang='lat' dir='ltr'>ltaliam</span> <span class='ocrx_word' id='word_1_82' title='bbox 716 1103 988 1159; x_wconf 87' lang='lat' dir='ltr'>concussit,</span> <span class='ocrx_word' id='word_1_83' title='bbox 1027 1113 1074 1150; x_wconf 91' lang='lat' dir='ltr'>et</span> <span class='ocrx_word' id='word_1_84' title='bbox 1113 1113 1293 1150; x_wconf 87' lang='lat' dir='ltr'>tectum</span> <span class='ocrx_word' id='word_1_85' title='bbox 1331 1102 1456 1151; x_wconf 88' lang='lat' dir='ltr'>beati</span> 
     </span>
     <span class='ocr_line' id='line_1_13' title="bbox 37 1179 1457 1246; baseline 0.003 -21"><span class='ocrx_word' id='word_1_86' title='bbox 37 1179 165 1226; x_wconf 85' lang='lat' dir='ltr'>Pauli</span> <span class='ocrx_word' id='word_1_87' title='bbox 201 1179 433 1244; x_wconf 89' lang='lat' dir='ltr'>apostoli,</span> <span class='ocrx_word' id='word_1_88' title='bbox 470 1197 580 1226; x_wconf 91' lang='lat' dir='ltr'>cum</span> <span class='ocrx_word' id='word_1_89' title='bbox 616 1180 710 1226; x_wconf 85' lang='lat' dir='ltr'>suis</span> <span class='ocrx_word' id='word_1_90' title='bbox 738 1179 985 1237; x_wconf 86' lang='lat' dir='ltr'>trabibus,</span> <span class='ocrx_word' id='word_1_91' title='bbox 1021 1198 1188 1244; x_wconf 80' lang='lat' dir='ltr'>magna</span> <span class='ocrx_word' id='word_1_92' title='bbox 1229 1199 1285 1228; x_wconf 83' lang='lat' dir='ltr'>ex</span> <span class='ocrx_word' id='word_1_93' title='bbox 1325 1193 1457 1246; x_wconf 90' lang='lat' dir='ltr'>parte</span> 
     </span>
     <span class='ocr_line' id='line_1_14' title="bbox 35 1255 316 1320; baseline -0.011 -16"><span class='ocrx_word' id='word_1_94' title='bbox 35 1255 206 1320; x_wconf 86' lang='lat' dir='ltr'>dejecit</span> <span class='ocrx_word' id='word_1_95' title='bbox 226 1258 316 1319; x_wconf 71' lang='lat'><em>(1).</em></span> 
     </span>
    </p>

    <p class='ocr_par' dir='ltr' id='par_1_3' title="bbox 34 1333 1460 1555">
     <span class='ocr_line' id='line_1_15' title="bbox 86 1333 1460 1401; baseline 0.002 -21"><span class='ocrx_word' id='word_1_96' title='bbox 86 1333 400 1399; x_wconf 27' lang='lat' dir='ltr'>&#39;Nicephorus</span> <span class='ocrx_word' id='word_1_97' title='bbox 438 1335 585 1382; x_wconf 88' lang='lat' dir='ltr'>frater</span> <span class='ocrx_word' id='word_1_98' title='bbox 623 1337 773 1382; x_wconf 83' lang='lat' dir='ltr'>Irenae</span> <span class='ocrx_word' id='word_1_99' title='bbox 813 1354 892 1383; x_wconf 84' lang='lat' dir='ltr'>sex</span> <span class='ocrx_word' id='word_1_100' title='bbox 928 1337 1063 1382; x_wconf 90' lang='lat' dir='ltr'>annis</span> <span class='ocrx_word' id='word_1_101' title='bbox 1099 1337 1329 1401; x_wconf 84' lang='lat' dir='ltr'>regnavit.</span> <span class='ocrx_word' id='word_1_102' title='bbox 1370 1338 1460 1383; x_wconf 84' lang='lat' dir='ltr'>Hic</span> 
     </span>
     <span class='ocr_line' id='line_1_16' title="bbox 34 1412 1458 1478; baseline 0.001 -19"><span class='ocrx_word' id='word_1_103' title='bbox 34 1430 197 1478; x_wconf 88' lang='lat' dir='ltr'>pacem</span> <span class='ocrx_word' id='word_1_104' title='bbox 220 1430 328 1459; x_wconf 87' lang='lat' dir='ltr'>cum</span> <span class='ocrx_word' id='word_1_105' title='bbox 349 1413 528 1460; x_wconf 89' lang='lat' dir='ltr'>Karolo</span> <span class='ocrx_word' id='word_1_106' title='bbox 551 1413 680 1460; x_wconf 88' lang='lat' dir='ltr'>fecit.</span> <span class='ocrx_word' id='word_1_107' title='bbox 704 1412 862 1460; x_wconf 89' lang='lat' dir='ltr'>Aaron</span> <span class='ocrx_word' id='word_1_108' title='bbox 893 1430 1088 1478; x_wconf 84' lang='lat' dir='ltr'>quoque</span> <span class='ocrx_word' id='word_1_109' title='bbox 1106 1431 1188 1461; x_wconf 80' lang='lat' dir='ltr'>rex</span> <span class='ocrx_word' id='word_1_110' title='bbox 1212 1418 1458 1461; x_wconf 87' lang='lat' dir='ltr'>Persarum</span> 
     </span>
     <span class='ocr_line' id='line_1_17' title="bbox 37 1488 1310 1555; baseline 0.002 -20"><span class='ocrx_word' id='word_1_111' title='bbox 37 1488 211 1554; x_wconf 75' lang='lat' dir='ltr'>legatos</span> <span class='ocrx_word' id='word_1_112' title='bbox 227 1525 240 1546; x_wconf 93' lang='lat'>,</span> <span class='ocrx_word' id='word_1_113' title='bbox 273 1499 321 1536; x_wconf 88' lang='lat' dir='ltr'>et</span> <span class='ocrx_word' id='word_1_114' title='bbox 346 1490 567 1545; x_wconf 72' lang='lat' dir='ltr'>amicitiae</span> <span class='ocrx_word' id='word_1_115' title='bbox 592 1507 789 1537; x_wconf 88' lang='lat' dir='ltr'>munera</span> <span class='ocrx_word' id='word_1_116' title='bbox 822 1490 1000 1538; x_wconf 85' lang='lat' dir='ltr'>Karolo</span> <span class='ocrx_word' id='word_1_117' title='bbox 1022 1490 1198 1537; x_wconf 83' lang='lat' dir='ltr'>direxit</span> <span class='ocrx_word' id='word_1_118' title='bbox 1216 1491 1310 1555; x_wconf 81' lang='lat'><strong>(2).</strong></span> 
     </span>
    </p>

    <p class='ocr_par' dir='ltr' id='par_1_4' title="bbox 38 1566 1459 1712">
     <span class='ocr_line' id='line_1_18' title="bbox 102 1566 1459 1633; baseline 0.001 -19"><span class='ocrx_word' id='word_1_119' title='bbox 102 1566 301 1615; x_wconf 88' lang='lat' dir='ltr'>Michael</span> <span class='ocrx_word' id='word_1_120' title='bbox 315 1585 460 1632; x_wconf 83' lang='lat' dir='ltr'>gener</span> <span class='ocrx_word' id='word_1_121' title='bbox 475 1567 731 1632; x_wconf 83' lang='lat' dir='ltr'>Nicephori</span> <span class='ocrx_word' id='word_1_122' title='bbox 751 1583 801 1613; x_wconf 88' lang='lat'>111</span> <span class='ocrx_word' id='word_1_123' title='bbox 824 1568 959 1614; x_wconf 88' lang='lat' dir='ltr'>anuis</span> <span class='ocrx_word' id='word_1_124' title='bbox 982 1568 1198 1633; x_wconf 83' lang='lat' dir='ltr'>regnavit</span> <span class='ocrx_word' id='word_1_125' title='bbox 1213 1579 1261 1616; x_wconf 91' lang='lat' dir='ltr'>et</span> <span class='ocrx_word' id='word_1_126' title='bbox 1278 1569 1459 1618; x_wconf 89' lang='lat' dir='ltr'>Karolo</span> 
     </span>
     <span class='ocr_line' id='line_1_19' title="bbox 38 1645 943 1712; baseline 0.001 -20"><span class='ocrx_word' id='word_1_127' title='bbox 38 1645 311 1710; x_wconf 84' lang='lat' dir='ltr'>imperatori</span> <span class='ocrx_word' id='word_1_128' title='bbox 342 1645 517 1710; x_wconf 81' lang='lat' dir='ltr'>legatos</span> <span class='ocrx_word' id='word_1_129' title='bbox 545 1645 670 1712; x_wconf 90' lang='lat' dir='ltr'>pacis</span> <span class='ocrx_word' id='word_1_130' title='bbox 694 1646 822 1691; x_wconf 86' lang='lat' dir='ltr'>misit</span> <span class='ocrx_word' id='word_1_131' title='bbox 849 1646 943 1710; x_wconf 82' lang='lat'><strong>(3).</strong></span> 
     </span>
    </p>

    <p class='ocr_par' dir='ltr' id='par_1_5' title="bbox 37 1724 1458 1868">
     <span class='ocr_line' id='line_1_20' title="bbox 103 1724 1458 1791; baseline 0.003 -21"><span class='ocrx_word' id='word_1_132' title='bbox 103 1725 200 1772; x_wconf 87' lang='lat' dir='ltr'>Leo</span> <span class='ocrx_word' id='word_1_133' title='bbox 224 1724 348 1771; x_wconf 86' lang='lat' dir='ltr'>filius</span> <span class='ocrx_word' id='word_1_134' title='bbox 369 1724 534 1771; x_wconf 81' lang='lat' dir='ltr'>Bardae</span> <span class='ocrx_word' id='word_1_135' title='bbox 555 1741 601 1770; x_wconf 76' lang='lat' dir='ltr'>vi</span> <span class='ocrx_word' id='word_1_136' title='bbox 623 1724 759 1771; x_wconf 83' lang='lat' dir='ltr'>annis</span> <span class='ocrx_word' id='word_1_137' title='bbox 777 1726 1010 1789; x_wconf 76' lang='lat' dir='ltr'>regnavit.</span> <span class='ocrx_word' id='word_1_138' title='bbox 1039 1725 1242 1773; x_wconf 89' lang='lat' dir='ltr'>Karolus</span> <span class='ocrx_word' id='word_1_139' title='bbox 1261 1726 1458 1791; x_wconf 80' lang='lat' dir='ltr'>Magnus</span> 
     </span>
     <span class='ocr_line' id='line_1_21' title="bbox 37 1801 1456 1868; baseline 0 -18"><span class='ocrx_word' id='word_1_140' title='bbox 37 1801 317 1868; x_wconf 82' lang='lat' dir='ltr'>Aquisgrani</span> <span class='ocrx_word' id='word_1_141' title='bbox 342 1801 493 1860; x_wconf 86' lang='lat' dir='ltr'>obiit,</span> <span class='ocrx_word' id='word_1_142' title='bbox 520 1814 567 1850; x_wconf 91' lang='lat' dir='ltr'>et</span> <span class='ocrx_word' id='word_1_143' title='bbox 593 1803 859 1850; x_wconf 82' lang='lat' dir='ltr'>Ludovicus</span> <span class='ocrx_word' id='word_1_144' title='bbox 884 1804 994 1849; x_wconf 94' lang='lat' dir='ltr'>Pius</span> <span class='ocrx_word' id='word_1_145' title='bbox 1017 1822 1071 1850; x_wconf 85' lang='lat' dir='ltr'>ex</span> <span class='ocrx_word' id='word_1_146' title='bbox 1098 1803 1339 1851; x_wconf 80' lang='lat' dir='ltr'>Hildiarde</span> <span class='ocrx_word' id='word_1_147' title='bbox 1362 1804 1456 1851; x_wconf 82' lang='lat' dir='ltr'>filia</span> 
     </span>
    </p>
   </div>
   <div class='ocr_carea' id='block_1_3' title="bbox 37 2047 1460 2807">
    <p class='ocr_par' dir='ltr' id='par_1_6' title="bbox 37 2047 1460 2560">
     <span class='ocr_line' id='line_1_22' title="bbox 81 2047 1456 2095; baseline -0.002 -11"><span class='ocrx_word' id='word_1_148' title='bbox 81 2051 132 2095; x_wconf 87' lang='grc'>(1)</span> <span class='ocrx_word' id='word_1_149' title='bbox 158 2048 425 2095; x_wconf 75' lang='lat' dir='ltr'>Charlemagne</span> <span class='ocrx_word' id='word_1_150' title='bbox 453 2048 509 2083; x_wconf 87' lang='lat' dir='ltr'>sut</span> <span class='ocrx_word' id='word_1_151' title='bbox 531 2061 575 2082; x_wconf 82' lang='lat' dir='ltr'>en</span> <span class='ocrx_word' id='word_1_152' title='bbox 595 2047 678 2082; x_wconf 61' lang='lat' dir='ltr'>‹xffist</span> <span class='ocrx_word' id='word_1_153' title='bbox 701 2050 888 2082; x_wconf 64' lang='lat' dir='ltr'>couronnc&#39;·</span> <span class='ocrx_word' id='word_1_154' title='bbox 913 2047 945 2081; x_wconf 85' lang='lat' dir='ltr'>le</span> <span class='ocrx_word' id='word_1_155' title='bbox 969 2047 1115 2082; x_wconf 75' lang='lat' dir='ltr'>dernier</span> <span class='ocrx_word' id='word_1_156' title='bbox 1136 2047 1221 2093; x_wconf 81' lang='lat' dir='ltr'>jour</span> <span class='ocrx_word' id='word_1_157' title='bbox 1247 2047 1292 2081; x_wconf 69' lang='lat' dir='ltr'>dv</span> <span class='ocrx_word' id='word_1_158' title='bbox 1316 2047 1346 2082; x_wconf 82' lang='lat' dir='ltr'>la</span> <span class='ocrx_word' id='word_1_159' title='bbox 1377 2048 1456 2081; x_wconf 76' lang='lat' dir='ltr'>cin-</span> 
     </span>
     <span class='ocr_line' id='line_1_23' title="bbox 37 2108 1457 2159; baseline -0.002 -14"><span class='ocrx_word' id='word_1_160' title='bbox 37 2110 182 2159; x_wconf 75' lang='lat' dir='ltr'>qnieme</span> <span class='ocrx_word' id='word_1_161' title='bbox 201 2112 316 2144; x_wconf 83' lang='lat' dir='ltr'>anne&#39;e</span> <span class='ocrx_word' id='word_1_162' title='bbox 334 2108 382 2142; x_wconf 90' lang='lat' dir='ltr'>du</span> <span class='ocrx_word' id='word_1_163' title='bbox 404 2109 591 2156; x_wconf 79' lang='lat' dir='ltr'>pontificat</span> <span class='ocrx_word' id='word_1_164' title='bbox 613 2108 658 2142; x_wconf 85' lang='lat' dir='ltr'>de</span> <span class='ocrx_word' id='word_1_165' title='bbox 678 2109 773 2142; x_wconf 71' lang='lat' dir='ltr'>Leon</span> <span class='ocrx_word' id='word_1_166' title='bbox 799 2108 873 2151; x_wconf 89' lang='lat'>111,</span> <span class='ocrx_word' id='word_1_167' title='bbox 899 2108 989 2142; x_wconf 77' lang='lat' dir='ltr'>mais</span> <span class='ocrx_word' id='word_1_168' title='bbox 1009 2120 1053 2141; x_wconf 80' lang='lat' dir='ltr'>en</span> <span class='ocrx_word' id='word_1_169' title='bbox 1073 2108 1160 2150; x_wconf 75' lang='lat' dir='ltr'>Soc,</span> <span class='ocrx_word' id='word_1_170' title='bbox 1182 2114 1218 2141; x_wconf 73' lang='lat' dir='ltr'>cet</span> <span class='ocrx_word' id='word_1_171' title='bbox 1243 2120 1316 2141; x_wconf 89' lang='lat' dir='ltr'>non</span> <span class='ocrx_word' id='word_1_172' title='bbox 1334 2120 1395 2154; x_wconf 64' lang='lat' dir='ltr'>pas</span> <span class='ocrx_word' id='word_1_173' title='bbox 1413 2120 1457 2142; x_wconf 78' lang='lat' dir='ltr'>en</span> 
     </span>
     <span class='ocr_line' id='line_1_24' title="bbox 40 2165 1456 2213; baseline -0.003 -10"><span class='ocrx_word' id='word_1_174' title='bbox 40 2167 126 2211; x_wconf 86' lang='lat'>808,</span> <span class='ocrx_word' id='word_1_175' title='bbox 142 2180 283 2203; x_wconf 84' lang='lat' dir='ltr'>comme</span> <span class='ocrx_word' id='word_1_176' title='bbox 302 2167 335 2202; x_wconf 81' lang='lat' dir='ltr'>le</span> <span class='ocrx_word' id='word_1_177' title='bbox 348 2167 403 2202; x_wconf 89' lang='lat' dir='ltr'>‹lit</span> <span class='ocrx_word' id='word_1_178' title='bbox 418 2175 523 2202; x_wconf 87' lang='lat' dir='ltr'>notre</span> <span class='ocrx_word' id='word_1_179' title='bbox 538 2174 680 2201; x_wconf 79' lang='lat' dir='ltr'>auteur.</span> <span class='ocrx_word' id='word_1_180' title='bbox 699 2167 764 2201; x_wconf 87' lang='lat' dir='ltr'>Les</span> <span class='ocrx_word' id='word_1_181' title='bbox 778 2167 943 2201; x_wconf 66' lang='lat' dir='ltr'>enormis</span> <span class='ocrx_word' id='word_1_182' title='bbox 957 2165 1006 2199; x_wconf 87' lang='lat' dir='ltr'>du</span> <span class='ocrx_word' id='word_1_183' title='bbox 1023 2178 1112 2213; x_wconf 79' lang='lat' dir='ltr'>pape</span> <span class='ocrx_word' id='word_1_184' title='bbox 1128 2165 1219 2200; x_wconf 83' lang='lat' dir='ltr'>dont</span> <span class='ocrx_word' id='word_1_185' title='bbox 1234 2165 1258 2200; x_wconf 82' lang='lat' dir='ltr'>il</span> <span class='ocrx_word' id='word_1_186' title='bbox 1273 2165 1375 2213; x_wconf 75' lang='lat' dir='ltr'>s’agit</span> <span class='ocrx_word' id='word_1_187' title='bbox 1390 2166 1456 2209; x_wconf 92' lang='lat' dir='ltr'>ici,</span> 
     </span>
     <span class='ocr_line' id='line_1_25' title="bbox 40 2225 1458 2274; baseline -0.004 -10"><span class='ocrx_word' id='word_1_188' title='bbox 40 2228 175 2264; x_wconf 64' lang='lat' dir='ltr'>etaient</span> <span class='ocrx_word' id='word_1_189' title='bbox 192 2227 374 2264; x_wconf 72' lang='lat' dir='ltr'>paschalis</span> <span class='ocrx_word' id='word_1_190' title='bbox 391 2234 428 2262; x_wconf 85' lang='lat' dir='ltr'>et</span> <span class='ocrx_word' id='word_1_191' title='bbox 441 2227 660 2274; x_wconf 79' lang='lat' dir='ltr'>campulus,</span> <span class='ocrx_word' id='word_1_192' title='bbox 681 2226 834 2261; x_wconf 79' lang='lat' dir='ltr'>officiers</span> <span class='ocrx_word' id='word_1_193' title='bbox 848 2226 893 2261; x_wconf 87' lang='lat' dir='ltr'>de</span> <span class='ocrx_word' id='word_1_194' title='bbox 908 2225 1043 2273; x_wconf 72' lang='lat' dir='ltr'>l&#39;cglise</span> <span class='ocrx_word' id='word_1_195' title='bbox 1063 2226 1243 2268; x_wconf 73' lang='lat' dir='ltr'>romine,</span> <span class='ocrx_word' id='word_1_196' title='bbox 1266 2226 1328 2273; x_wconf 79' lang='lat' dir='ltr'>qui</span> <span class='ocrx_word' id='word_1_197' title='bbox 1342 2254 1351 2269; x_wconf 86' lang='lat'>,</span> <span class='ocrx_word' id='word_1_198' title='bbox 1368 2225 1458 2260; x_wconf 85' lang='lat' dir='ltr'>dans</span> 
     </span>
     <span class='ocr_line' id='line_1_26' title="bbox 39 2285 1459 2336; baseline -0.001 -15"><span class='ocrx_word' id='word_1_199' title='bbox 39 2297 112 2323; x_wconf 85' lang='lat' dir='ltr'>une</span> <span class='ocrx_word' id='word_1_200' title='bbox 125 2288 332 2335; x_wconf 74' lang='lat' dir='ltr'>processioa</span> <span class='ocrx_word' id='word_1_201' title='bbox 346 2300 391 2321; x_wconf 89' lang='lat' dir='ltr'>en</span> <span class='ocrx_word' id='word_1_202' title='bbox 410 2299 495 2336; x_wconf 85' lang='lat'>799,</span> <span class='ocrx_word' id='word_1_203' title='bbox 517 2287 679 2321; x_wconf 77' lang='lat' dir='ltr'>s’etaient</span> <span class='ocrx_word' id='word_1_204' title='bbox 693 2287 785 2332; x_wconf 75' lang='lat' dir='ltr'>jetes</span> <span class='ocrx_word' id='word_1_205' title='bbox 803 2298 865 2320; x_wconf 87' lang='lat' dir='ltr'>sur</span> <span class='ocrx_word' id='word_1_206' title='bbox 882 2285 931 2320; x_wconf 83' lang='lat' dir='ltr'>lui</span> <span class='ocrx_word' id='word_1_207' title='bbox 951 2288 1043 2332; x_wconf 72' lang='lat' dir='ltr'>pour</span> <span class='ocrx_word' id='word_1_208' title='bbox 1057 2285 1106 2319; x_wconf 89' lang='lat' dir='ltr'>lui</span> <span class='ocrx_word' id='word_1_209' title='bbox 1122 2298 1259 2332; x_wconf 69' lang='lat' dir='ltr'>coupvr</span> <span class='ocrx_word' id='word_1_210' title='bbox 1274 2286 1306 2320; x_wconf 80' lang='lat' dir='ltr'>la</span> <span class='ocrx_word' id='word_1_211' title='bbox 1326 2286 1459 2331; x_wconf 68' lang='lat' dir='ltr'>langue</span> 
     </span>
     <span class='ocr_line' id='line_1_27' title="bbox 40 2343 1459 2393; baseline -0.001 -12"><span class='ocrx_word' id='word_1_212' title='bbox 40 2352 78 2382; x_wconf 79' lang='lat' dir='ltr'>et</span> <span class='ocrx_word' id='word_1_213' title='bbox 94 2345 144 2381; x_wconf 82' lang='lat' dir='ltr'>lui</span> <span class='ocrx_word' id='word_1_214' title='bbox 162 2358 285 2381; x_wconf 84' lang='lat' dir='ltr'>crever</span> <span class='ocrx_word' id='word_1_215' title='bbox 303 2346 354 2381; x_wconf 84' lang='lat' dir='ltr'>les</span> <span class='ocrx_word' id='word_1_216' title='bbox 371 2359 463 2393; x_wconf 77' lang='lat' dir='ltr'>yeux</span> <span class='ocrx_word' id='word_1_217' title='bbox 477 2362 484 2381; x_wconf 73' lang='grc' dir='ltr'>ι</span> <span class='ocrx_word' id='word_1_218' title='bbox 499 2349 518 2380; x_wconf 77' lang='lat' dir='ltr'>a</span> <span class='ocrx_word' id='word_1_219' title='bbox 540 2345 570 2380; x_wconf 87' lang='lat' dir='ltr'>la</span> <span class='ocrx_word' id='word_1_220' title='bbox 591 2345 710 2393; x_wconf 57' lang='lat' dir='ltr'>prii-re</span> <span class='ocrx_word' id='word_1_221' title='bbox 727 2345 772 2379; x_wconf 83' lang='lat' dir='ltr'>de</span> <span class='ocrx_word' id='word_1_222' title='bbox 788 2346 883 2380; x_wconf 75' lang='lat' dir='ltr'>Leon</span> <span class='ocrx_word' id='word_1_223' title='bbox 895 2373 904 2388; x_wconf 92' lang='lat'>‚</span> <span class='ocrx_word' id='word_1_224' title='bbox 921 2343 1001 2379; x_wconf 88' lang='lat' dir='ltr'>leur</span> <span class='ocrx_word' id='word_1_225' title='bbox 1017 2345 1122 2392; x_wconf 81' lang='lat' dir='ltr'>peine</span> <span class='ocrx_word' id='word_1_226' title='bbox 1136 2345 1192 2379; x_wconf 86' lang='lat' dir='ltr'>sut</span> <span class='ocrx_word' id='word_1_227' title='bbox 1204 2348 1393 2379; x_wconf 73' lang='lat' dir='ltr'>commuce</span> <span class='ocrx_word' id='word_1_228' title='bbox 1413 2358 1459 2380; x_wconf 89' lang='lat' dir='ltr'>en</span> 
     </span>
     <span class='ocr_line' id='line_1_28' title="bbox 42 2404 1460 2452; baseline 0 -12"><span class='ocrx_word' id='word_1_229' title='bbox 42 2417 92 2441; x_wconf 85' lang='lat' dir='ltr'>un</span> <span class='ocrx_word' id='word_1_230' title='bbox 111 2405 382 2442; x_wconf 77' lang='lat' dir='ltr'>bannissement</span> <span class='ocrx_word' id='word_1_231' title='bbox 398 2419 443 2441; x_wconf 87' lang='lat' dir='ltr'>en</span> <span class='ocrx_word' id='word_1_232' title='bbox 460 2407 610 2441; x_wconf 81' lang='lat' dir='ltr'>France.</span> <span class='ocrx_word' id='word_1_233' title='bbox 633 2406 679 2441; x_wconf 86' lang='lat' dir='ltr'>Le</span> <span class='ocrx_word' id='word_1_234' title='bbox 698 2405 957 2440; x_wconf 70' lang='lat' dir='ltr'>trembleement</span> <span class='ocrx_word' id='word_1_235' title='bbox 976 2404 1021 2439; x_wconf 86' lang='lat' dir='ltr'>dc</span> <span class='ocrx_word' id='word_1_236' title='bbox 1040 2412 1136 2439; x_wconf 81' lang='lat' dir='ltr'>terre</span> <span class='ocrx_word' id='word_1_237' title='bbox 1156 2405 1219 2452; x_wconf 82' lang='lat' dir='ltr'>qui</span> <span class='ocrx_word' id='word_1_238' title='bbox 1240 2418 1406 2440; x_wconf 84' lang='lat' dir='ltr'>renvcrsa</span> <span class='ocrx_word' id='word_1_239' title='bbox 1427 2405 1460 2440; x_wconf 84' lang='lat' dir='ltr'>le</span> 
     </span>
     <span class='ocr_line' id='line_1_29' title="bbox 42 2463 1458 2514; baseline -0.001 -13"><span class='ocrx_word' id='word_1_240' title='bbox 42 2465 110 2501; x_wconf 78' lang='lat' dir='ltr'>tuit</span> <span class='ocrx_word' id='word_1_241' title='bbox 136 2465 182 2501; x_wconf 90' lang='lat' dir='ltr'>de</span> <span class='ocrx_word' id='word_1_242' title='bbox 208 2466 343 2514; x_wconf 80' lang='lat' dir='ltr'>l&#39;e&#39;glise</span> <span class='ocrx_word' id='word_1_243' title='bbox 372 2466 584 2501; x_wconf 79' lang='lat' dir='ltr'>saint-Paul</span> <span class='ocrx_word' id='word_1_244' title='bbox 615 2466 702 2500; x_wconf 80' lang='lat' dir='ltr'>hors</span> <span class='ocrx_word' id='word_1_245' title='bbox 732 2465 783 2500; x_wconf 89' lang='lat' dir='ltr'>les</span> <span class='ocrx_word' id='word_1_246' title='bbox 814 2477 937 2507; x_wconf 63' lang='lat' dir='ltr'>murs»,</span> <span class='ocrx_word' id='word_1_247' title='bbox 971 2466 1088 2499; x_wconf 86' lang='lat' dir='ltr'>arriva</span> <span class='ocrx_word' id='word_1_248' title='bbox 1117 2463 1206 2498; x_wconf 83' lang='lat' dir='ltr'>dans</span> <span class='ocrx_word' id='word_1_249' title='bbox 1235 2464 1267 2498; x_wconf 83' lang='lat' dir='ltr'>la</span> <span class='ocrx_word' id='word_1_250' title='bbox 1299 2465 1381 2499; x_wconf 86' lang='lat' dir='ltr'>nuit</span> <span class='ocrx_word' id='word_1_251' title='bbox 1408 2465 1458 2499; x_wconf 91' lang='lat' dir='ltr'>du</span> 
     </span>
     <span class='ocr_line' id='line_1_30' title="bbox 43 2520 289 2560; baseline -0.004 -1"><span class='ocrx_word' id='word_1_252' title='bbox 43 2520 88 2559; x_wconf 84' lang='lat'>30</span> <span class='ocrx_word' id='word_1_253' title='bbox 104 2523 191 2560; x_wconf 84' lang='lat' dir='ltr'>avril</span> <span class='ocrx_word' id='word_1_254' title='bbox 210 2524 289 2560; x_wconf 75' lang='lat'>801.</span> 
     </span>
    </p>

    <p class='ocr_par' dir='ltr' id='par_1_7' title="bbox 43 2582 1459 2750">
     <span class='ocr_line' id='line_1_31' title="bbox 87 2582 1458 2630; baseline -0.001 -12"><span class='ocrx_word' id='word_1_255' title='bbox 87 2584 138 2630; x_wconf 73' lang='grc' dir='ltr'>(α)</span> <span class='ocrx_word' id='word_1_256' title='bbox 162 2583 223 2629; x_wconf 79' lang='grc'>(31</span> <span class='ocrx_word' id='word_1_257' title='bbox 245 2584 395 2619; x_wconf 87' lang='lat' dir='ltr'>octobre</span> <span class='ocrx_word' id='word_1_258' title='bbox 413 2582 547 2619; x_wconf 77' lang='lat'>802-15</span> <span class='ocrx_word' id='word_1_259' title='bbox 562 2582 683 2628; x_wconf 72' lang='lat' dir='ltr'>juillet</span> <span class='ocrx_word' id='word_1_260' title='bbox 703 2582 807 2628; x_wconf 89' lang='grc'>811.)</span> <span class='ocrx_word' id='word_1_261' title='bbox 824 2582 1092 2627; x_wconf 76' lang='lat' dir='ltr'>Charlemagne</span> <span class='ocrx_word' id='word_1_262' title='bbox 1112 2589 1215 2629; x_wconf 75' lang='lat' dir='ltr'>recut</span> <span class='ocrx_word' id='word_1_263' title='bbox 1241 2582 1290 2616; x_wconf 78' lang='lat' dir='ltr'>les</span> <span class='ocrx_word' id='word_1_264' title='bbox 1315 2582 1458 2617; x_wconf 70' lang='lat' dir='ltr'>ambas-</span> 
     </span>
     <span class='ocr_line' id='line_1_32' title="bbox 43 2641 1459 2690; baseline -0.001 -13"><span class='ocrx_word' id='word_1_265' title='bbox 43 2642 190 2679; x_wconf 68' lang='lat' dir='ltr'>sadeurs</span> <span class='ocrx_word' id='word_1_266' title='bbox 207 2644 257 2678; x_wconf 92' lang='lat' dir='ltr'>du</span> <span class='ocrx_word' id='word_1_267' title='bbox 276 2644 379 2679; x_wconf 77' lang='lat' dir='ltr'>calise</span> <span class='ocrx_word' id='word_1_268' title='bbox 399 2643 487 2678; x_wconf 84' lang='lat' dir='ltr'>dans</span> <span class='ocrx_word' id='word_1_269' title='bbox 505 2643 538 2678; x_wconf 87' lang='lat' dir='ltr'>lc</span> <span class='ocrx_word' id='word_1_270' title='bbox 557 2644 761 2690; x_wconf 83' lang='lat' dir='ltr'>printemps</span> <span class='ocrx_word' id='word_1_271' title='bbox 778 2641 823 2677; x_wconf 84' lang='lat' dir='ltr'>de</span> <span class='ocrx_word' id='word_1_272' title='bbox 840 2643 919 2684; x_wconf 85' lang='lat'>801,</span> <span class='ocrx_word' id='word_1_273' title='bbox 940 2649 1044 2677; x_wconf 83' lang='lat' dir='ltr'>entre</span> <span class='ocrx_word' id='word_1_274' title='bbox 1062 2643 1205 2678; x_wconf 73' lang='lat' dir='ltr'>Vereri!</span> <span class='ocrx_word' id='word_1_275' title='bbox 1223 2650 1260 2678; x_wconf 86' lang='lat' dir='ltr'>et</span> <span class='ocrx_word' id='word_1_276' title='bbox 1279 2644 1397 2686; x_wconf 74' lang='lat' dir='ltr'>lvree,</span> <span class='ocrx_word' id='word_1_277' title='bbox 1414 2656 1459 2677; x_wconf 74' lang='lat' dir='ltr'>vn</span> 
     </span>
     <span class='ocr_line' id='line_1_33' title="bbox 43 2701 1265 2750; baseline 0.002 -14"><span class='ocrx_word' id='word_1_278' title='bbox 43 2710 214 2738; x_wconf 81' lang='lat' dir='ltr'>reveuant</span> <span class='ocrx_word' id='word_1_279' title='bbox 229 2703 275 2738; x_wconf 77' lang='lat' dir='ltr'>de</span> <span class='ocrx_word' id='word_1_280' title='bbox 292 2704 409 2739; x_wconf 83' lang='lat' dir='ltr'>Rome</span> <span class='ocrx_word' id='word_1_281' title='bbox 426 2717 471 2738; x_wconf 87' lang='lat' dir='ltr'>en</span> <span class='ocrx_word' id='word_1_282' title='bbox 493 2704 647 2746; x_wconf 69' lang='lat' dir='ltr'>france,</span> <span class='ocrx_word' id='word_1_283' title='bbox 668 2712 704 2737; x_wconf 82' lang='lat' dir='ltr'>et</span> <span class='ocrx_word' id='word_1_284' title='bbox 720 2715 809 2737; x_wconf 76' lang='lat' dir='ltr'>ceux</span> <span class='ocrx_word' id='word_1_285' title='bbox 828 2701 873 2737; x_wconf 89' lang='lat' dir='ltr'>de</span> <span class='ocrx_word' id='word_1_286' title='bbox 892 2703 1100 2750; x_wconf 61' lang='lat' dir='ltr'>Nicaebphore</span> <span class='ocrx_word' id='word_1_287' title='bbox 1119 2716 1163 2739; x_wconf 85' lang='lat' dir='ltr'>en</span> <span class='ocrx_word' id='word_1_288' title='bbox 1185 2702 1265 2738; x_wconf 81' lang='lat'><strong>805.</strong></span> 
     </span>
    </p>

    <p class='ocr_par' dir='ltr' id='par_1_8' title="bbox 89 2758 1460 2807">
     <span class='ocr_line' id='line_1_34' title="bbox 89 2758 1460 2807; baseline 0 -12"><span class='ocrx_word' id='word_1_289' title='bbox 89 2758 140 2807; x_wconf 78' lang='lat'>(3)</span> <span class='ocrx_word' id='word_1_290' title='bbox 164 2763 205 2805; x_wconf 83' lang='lat'>(2</span> <span class='ocrx_word' id='word_1_291' title='bbox 233 2763 382 2797; x_wconf 79' lang='lat' dir='ltr'>octobre</span> <span class='ocrx_word' id='word_1_292' title='bbox 415 2764 560 2799; x_wconf 81' lang='grc' dir='ltr'>811·1ο</span> <span class='ocrx_word' id='word_1_293' title='bbox 589 2762 707 2807; x_wconf 75' lang='lat' dir='ltr'>juillet</span> <span class='ocrx_word' id='word_1_294' title='bbox 742 2759 820 2796; x_wconf 77' lang='lat'>813.</span> <span class='ocrx_word' id='word_1_295' title='bbox 837 2763 848 2804; x_wconf 91' lang='lat'><em>)</em></span> <span class='ocrx_word' id='word_1_296' title='bbox 878 2761 1124 2797; x_wconf 82' lang='lat' dir='ltr'>L’ambassade</span> <span class='ocrx_word' id='word_1_297' title='bbox 1157 2769 1219 2797; x_wconf 81' lang='lat' dir='ltr'>eut</span> <span class='ocrx_word' id='word_1_298' title='bbox 1253 2761 1324 2797; x_wconf 79' lang='lat' dir='ltr'>lieu</span> <span class='ocrx_word' id='word_1_299' title='bbox 1356 2770 1460 2796; x_wconf 79' lang='lat' dir='ltr'>avant</span> 
     </span>
    </p>
   </div>
   <div class='ocr_carea' id='block_1_4' title="bbox 49 2818 237 2856">
    <p class='ocr_par' dir='ltr' id='par_1_9' title="bbox 49 2818 237 2856">
     <span class='ocr_line' id='line_1_35' title="bbox 49 2818 237 2856; baseline 0.011 -2"><span class='ocrx_word' id='word_1_300' title='bbox 49 2818 137 2855; x_wconf 64' lang='lat' dir='ltr'>Nom</span> <span class='ocrx_word' id='word_1_301' title='bbox 157 2820 237 2856; x_wconf 87' lang='grc'>811.</span> 
     </span>
    </p>
   </div>
  </div>
 </body>
</html>
