<?xml version="1.0" encoding="UTF-8"?>
<!DOCTYPE html PUBLIC "-//W3C//DTD XHTML 1.0 Transitional//EN"
    "http://www.w3.org/TR/xhtml1/DTD/xhtml1-transitional.dtd">
<html xmlns="http://www.w3.org/1999/xhtml" xml:lang="en" lang="en">
 <head>
  <title>
</title>
<meta http-equiv="Content-Type" content="text/html;charset=utf-8" />
  <meta name='ocr-system' content='tesseract 3.04.00' />
  <meta name='ocr-capabilities' content='ocr_page ocr_carea ocr_par ocr_line ocrx_word'/>
</head>
<body>
  <div class='ocr_page' id='page_1' title='image "./ordericivitalish01ordeuoft/ordericivitalish01ordeuoft_0088.png"; bbox 0 0 1738 3043; ppageno 0'>
   <div class='ocr_carea' id='block_1_1' title="bbox 161 230 1197 274">
    <p class='ocr_par' dir='ltr' id='par_1_1' title="bbox 161 230 1197 274">
     <span class='ocr_line' id='line_1_1' title="bbox 161 230 1197 274; baseline -0.005 0"><span class='ocrx_word' id='word_1_1' title='bbox 161 235 210 274; x_wconf 60' lang='grc' dir='ltr'><em>Τι’.</em></span> <span class='ocrx_word' id='word_1_2' title='bbox 527 231 769 271; x_wconf 75' lang='lat' dir='ltr'><strong>HISTORIA</strong></span> <span class='ocrx_word' id='word_1_3' title='bbox 798 230 1197 271; x_wconf 76' lang='lat' dir='ltr'>ECCLESIASTICA.</span> 
     </span>
    </p>
   </div>
   <div class='ocr_carea' id='block_1_2' title="bbox 154 310 1597 2385">
    <p class='ocr_par' dir='ltr' id='par_1_2' title="bbox 154 310 1594 1693">
     <span class='ocr_line' id='line_1_2' title="bbox 154 310 1574 381; baseline -0.001 -20"><span class='ocrx_word' id='word_1_4' title='bbox 154 318 316 381; x_wconf 70' lang='lat' dir='ltr'><em>per-inc</em></span> <span class='ocrx_word' id='word_1_5' title='bbox 337 313 585 378; x_wconf 77' lang='lat' dir='ltr'><em>gladium,</em></span> <span class='ocrx_word' id='word_1_6' title='bbox 611 311 786 376; x_wconf 82' lang='lat' dir='ltr'><em>gladio</em></span> <span class='ocrx_word' id='word_1_7' title='bbox 802 310 1045 378; x_wconf 82' lang='lat' dir='ltr'><em>peribunt.</em></span> <span class='ocrx_word' id='word_1_8' title='bbox 1077 314 1154 357; x_wconf 81' lang='lat' dir='ltr'><em>An</em></span> <span class='ocrx_word' id='word_1_9' title='bbox 1171 322 1318 377; x_wconf 78' lang='lat' dir='ltr'><em>putas</em></span> <span class='ocrx_word' id='word_1_10' title='bbox 1337 312 1455 375; x_wconf 80' lang='lat' dir='ltr'><em>quia</em></span> <span class='ocrx_word' id='word_1_11' title='bbox 1478 329 1574 360; x_wconf 81' lang='lat' dir='ltr'><em>non</em></span> 
     </span>
     <span class='ocr_line' id='line_1_3' title="bbox 157 389 1574 459; baseline -0.002 -19"><span class='ocrx_word' id='word_1_12' title='bbox 157 410 357 459; x_wconf 78' lang='lat' dir='ltr'><em>possum</em></span> <span class='ocrx_word' id='word_1_13' title='bbox 386 407 558 454; x_wconf 80' lang='lat' dir='ltr'><em>rogare</em></span> <span class='ocrx_word' id='word_1_14' title='bbox 581 390 777 436; x_wconf 79' lang='lat' dir='ltr'><em>Patrem</em></span> <span class='ocrx_word' id='word_1_15' title='bbox 800 407 973 443; x_wconf 83' lang='lat' dir='ltr'><em>meum,</em></span> <span class='ocrx_word' id='word_1_16' title='bbox 1003 400 1047 434; x_wconf 83' lang='lat' dir='ltr'><em>et</em></span> <span class='ocrx_word' id='word_1_17' title='bbox 1068 389 1309 435; x_wconf 71' lang='lat' dir='ltr'><em>exhibebit</em></span> <span class='ocrx_word' id='word_1_18' title='bbox 1331 389 1451 436; x_wconf 70' lang='lat' dir='ltr'><em>milti</em></span> <span class='ocrx_word' id='word_1_19' title='bbox 1464 390 1574 455; x_wconf 82' lang='lat' dir='ltr'><em>plus</em></span> 
     </span>
     <span class='ocr_line' id='line_1_4' title="bbox 164 466 1576 536; baseline -0.001 -19"><span class='ocrx_word' id='word_1_20' title='bbox 164 488 306 536; x_wconf 81' lang='lat' dir='ltr'><em>quam</em></span> <span class='ocrx_word' id='word_1_21' title='bbox 331 485 397 515; x_wconf 83' lang='lat' dir='ltr'><em>xu</em></span> <span class='ocrx_word' id='word_1_22' title='bbox 424 467 580 514; x_wconf 80' lang='lat' dir='ltr'><em>millia</em></span> <span class='ocrx_word' id='word_1_23' title='bbox 604 467 814 532; x_wconf 79' lang='lat' dir='ltr'><em>legiones</em></span> <span class='ocrx_word' id='word_1_24' title='bbox 833 466 1150 529; x_wconf 79' lang='lat' dir='ltr'><em>angelorum?</em></span> <span class='ocrx_word' id='word_1_25' title='bbox 1181 467 1436 531; x_wconf 78' lang='lat' dir='ltr'><em>Quomodo</em></span> <span class='ocrx_word' id='word_1_26' title='bbox 1462 485 1576 533; x_wconf 84' lang='lat' dir='ltr'><em>ergo</em></span> 
     </span>
     <span class='ocr_line' id='line_1_5' title="bbox 166 545 1577 615; baseline -0.002 -20"><span class='ocrx_word' id='word_1_27' title='bbox 166 548 489 615; x_wconf 81' lang='lat' dir='ltr'><em>implebuntur</em></span> <span class='ocrx_word' id='word_1_28' title='bbox 525 549 798 612; x_wconf 78' lang='lat' dir='ltr'><em>scripturce,</em></span> <span class='ocrx_word' id='word_1_29' title='bbox 843 548 957 610; x_wconf 80' lang='lat' dir='ltr'><em>quia</em></span> <span class='ocrx_word' id='word_1_30' title='bbox 995 547 1067 592; x_wconf 73' lang='lat' dir='ltr'><em>sic</em></span> <span class='ocrx_word' id='word_1_31' title='bbox 1103 557 1286 611; x_wconf 79' lang='lat' dir='ltr'><em>oportet</em></span> <span class='ocrx_word' id='word_1_32' title='bbox 1309 545 1461 610; x_wconf 76' lang='lat' dir='ltr'><em>fieri?</em></span> <span class='ocrx_word' id='word_1_33' title='bbox 1494 546 1577 592; x_wconf 83' lang='lat' dir='ltr'><em>His</em></span> 
     </span>
     <span class='ocr_line' id='line_1_6' title="bbox 167 623 1580 691; baseline 0 -20"><span class='ocrx_word' id='word_1_34' title='bbox 167 625 322 673; x_wconf 71' lang='lat' dir='ltr'><em>verbis</em></span> <span class='ocrx_word' id='word_1_35' title='bbox 339 624 527 691; x_wconf 85' lang='lat' dir='ltr'><em>adjungi</em></span> <span class='ocrx_word' id='word_1_36' title='bbox 547 634 727 689; x_wconf 88' lang='lat' dir='ltr'><em>potest,</em></span> <span class='ocrx_word' id='word_1_37' title='bbox 750 623 878 689; x_wconf 90' lang='lat' dir='ltr'><em>quod</em></span> <span class='ocrx_word' id='word_1_38' title='bbox 905 624 1039 670; x_wconf 86' lang='lat' dir='ltr'><em>illum</em></span> <span class='ocrx_word' id='word_1_39' title='bbox 1058 641 1113 671; x_wconf 90' lang='lat' dir='ltr'><em>eo</em></span> <span class='ocrx_word' id='word_1_40' title='bbox 1134 624 1239 671; x_wconf 87' lang='lat' dir='ltr'><em>loco</em></span> <span class='ocrx_word' id='word_1_41' title='bbox 1256 625 1425 672; x_wconf 86' lang='lat' dir='ltr'><em>dixisse</em></span> <span class='ocrx_word' id='word_1_42' title='bbox 1440 626 1580 672; x_wconf 87' lang='lat' dir='ltr'><em>Joan-</em></span> 
     </span>
     <span class='ocr_line' id='line_1_7' title="bbox 170 701 1576 765; baseline -0.001 -16"><span class='ocrx_word' id='word_1_43' title='bbox 170 721 249 751; x_wconf 92' lang='lat' dir='ltr'><em>nes</em></span> <span class='ocrx_word' id='word_1_44' title='bbox 275 712 620 750; x_wconf 84' lang='lat' dir='ltr'><em>commemorat</em></span> <span class='ocrx_word' id='word_1_45' title='bbox 642 722 652 747; x_wconf 95' lang='lat'>:</span> <span class='ocrx_word' id='word_1_46' title='bbox 685 702 925 758; x_wconf 83' lang='lat' dir='ltr'><em>Calicem,</em></span> <span class='ocrx_word' id='word_1_47' title='bbox 948 719 1085 765; x_wconf 81' lang='lat' dir='ltr'><em>quem</em></span> <span class='ocrx_word' id='word_1_48' title='bbox 1102 701 1236 747; x_wconf 78' lang='lat' dir='ltr'><em>dedit</em></span> <span class='ocrx_word' id='word_1_49' title='bbox 1254 701 1375 747; x_wconf 85' lang='lat' dir='ltr'><em>milzi</em></span> <span class='ocrx_word' id='word_1_50' title='bbox 1402 702 1576 760; x_wconf 82' lang='lat' dir='ltr'><em>Pater,</em></span> 
     </span>
     <span class='ocr_line' id='line_1_8' title="bbox 168 778 1583 843; baseline -0.001 -15"><span class='ocrx_word' id='word_1_51' title='bbox 168 800 264 829; x_wconf 83' lang='lat' dir='ltr'><em>non</em></span> <span class='ocrx_word' id='word_1_52' title='bbox 297 781 459 828; x_wconf 84' lang='lat' dir='ltr'><em>bibam</em></span> <span class='ocrx_word' id='word_1_53' title='bbox 493 780 628 827; x_wconf 81' lang='lat' dir='ltr'><em>illum</em></span> <span class='ocrx_word' id='word_1_54' title='bbox 653 778 762 843; x_wconf 77' lang='lat'>(1)&#39;?</span> <span class='ocrx_word' id='word_1_55' title='bbox 796 780 957 835; x_wconf 88' lang='lat' dir='ltr'><em>Tunc,</em></span> <span class='ocrx_word' id='word_1_56' title='bbox 992 779 1113 825; x_wconf 80' lang='lat' dir='ltr'><em>sicut</em></span> <span class='ocrx_word' id='word_1_57' title='bbox 1147 780 1292 825; x_wconf 85' lang='lat' dir='ltr'><em>Lucas</em></span> <span class='ocrx_word' id='word_1_58' title='bbox 1322 778 1465 837; x_wconf 86' lang='lat' dir='ltr'><em>dicit,</em></span> <span class='ocrx_word' id='word_1_59' title='bbox 1502 797 1583 826; x_wconf 88' lang='lat' dir='ltr'><em>au-</em></span> 
     </span>
     <span class='ocr_line' id='line_1_9' title="bbox 167 856 1584 923; baseline -0.001 -18"><span class='ocrx_word' id='word_1_60' title='bbox 167 859 367 905; x_wconf 84' lang='lat' dir='ltr'><em>riculam</em></span> <span class='ocrx_word' id='word_1_61' title='bbox 401 857 573 904; x_wconf 81' lang='lat' dir='ltr'><em>Malchi</em></span> <span class='ocrx_word' id='word_1_62' title='bbox 614 857 770 923; x_wconf 83' lang='lat' dir='ltr'><em>tetigit</em></span> <span class='ocrx_word' id='word_1_63' title='bbox 804 867 852 904; x_wconf 87' lang='lat' dir='ltr'><em>et</em></span> <span class='ocrx_word' id='word_1_64' title='bbox 881 857 1077 903; x_wconf 78' lang='lat' dir='ltr'><em>sanavit.</em></span> <span class='ocrx_word' id='word_1_65' title='bbox 1110 858 1166 903; x_wconf 89' lang='lat' dir='ltr'><em>ln</em></span> <span class='ocrx_word' id='word_1_66' title='bbox 1199 857 1273 903; x_wconf 82' lang='lat' dir='ltr'><em>illa</em></span> <span class='ocrx_word' id='word_1_67' title='bbox 1310 856 1424 905; x_wconf 90' lang='lat' dir='ltr'><em>hora</em></span> <span class='ocrx_word' id='word_1_68' title='bbox 1461 856 1584 904; x_wconf 83' lang='lat' dir='ltr'><em>dixit</em></span> 
     </span>
     <span class='ocr_line' id='line_1_10' title="bbox 166 934 1583 1000; baseline -0.001 -18"><span class='ocrx_word' id='word_1_69' title='bbox 166 936 296 983; x_wconf 89' lang='lat' dir='ltr'><em>Jesus</em></span> <span class='ocrx_word' id='word_1_70' title='bbox 325 934 477 981; x_wconf 78' lang='lat' dir='ltr'><em>turbis</em></span> <span class='ocrx_word' id='word_1_71' title='bbox 502 955 512 980; x_wconf 77' lang='grc' dir='ltr'>ε</span> <span class='ocrx_word' id='word_1_72' title='bbox 539 935 796 999; x_wconf 77' lang='lat' dir='ltr'><em>Tanquam</em></span> <span class='ocrx_word' id='word_1_73' title='bbox 819 934 889 981; x_wconf 85' lang='lat' dir='ltr'><em>ad</em></span> <span class='ocrx_word' id='word_1_74' title='bbox 908 934 1139 980; x_wconf 79' lang='lat' dir='ltr'><em>latronem</em></span> <span class='ocrx_word' id='word_1_75' title='bbox 1164 936 1330 981; x_wconf 71' lang='lat' dir='ltr'><em>existis</em></span> <span class='ocrx_word' id='word_1_76' title='bbox 1355 953 1464 981; x_wconf 78' lang='lat' dir='ltr'><em>eam</em></span> <span class='ocrx_word' id='word_1_77' title='bbox 1479 934 1583 1000; x_wconf 81' lang='lat' dir='ltr'><em>gla-</em></span> 
     </span>
     <span class='ocr_line' id='line_1_11' title="bbox 170 1011 1588 1079; baseline -0.001 -19"><span class='ocrx_word' id='word_1_78' title='bbox 170 1015 266 1061; x_wconf 82' lang='lat' dir='ltr'><em>diis</em></span> <span class='ocrx_word' id='word_1_79' title='bbox 300 1025 344 1060; x_wconf 81' lang='lat' dir='ltr'><em>et</em></span> <span class='ocrx_word' id='word_1_80' title='bbox 360 1011 583 1077; x_wconf 81' lang='lat' dir='ltr'><em>fustibus</em></span> <span class='ocrx_word' id='word_1_81' title='bbox 617 1012 1014 1079; x_wconf 78' lang='lat' dir='ltr'><em>comprehendere</em></span> <span class='ocrx_word' id='word_1_82' title='bbox 1050 1031 1139 1059; x_wconf 88' lang='lat' dir='ltr'><em>me.</em></span> <span class='ocrx_word' id='word_1_83' title='bbox 1187 1012 1417 1076; x_wconf 78' lang='lat' dir='ltr'><em>Quotidie</em></span> <span class='ocrx_word' id='word_1_84' title='bbox 1448 1012 1588 1079; x_wconf 83' lang='lat' dir='ltr'><em>apud</em></span> 
     </span>
     <span class='ocr_line' id='line_1_12' title="bbox 175 1089 1583 1155; baseline -0.002 -17"><span class='ocrx_word' id='word_1_85' title='bbox 175 1109 255 1138; x_wconf 77' lang='lat' dir='ltr'><em>vos</em></span> <span class='ocrx_word' id='word_1_86' title='bbox 273 1090 525 1147; x_wconf 81' lang='lat' dir='ltr'><em>sedebam,</em></span> <span class='ocrx_word' id='word_1_87' title='bbox 557 1089 736 1136; x_wconf 84' lang='lat' dir='ltr'><em>docens</em></span> <span class='ocrx_word' id='word_1_88' title='bbox 758 1091 805 1135; x_wconf 85' lang='lat' dir='ltr'><em>in</em></span> <span class='ocrx_word' id='word_1_89' title='bbox 836 1090 1034 1155; x_wconf 84' lang='lat' dir='ltr'><em>templo,</em></span> <span class='ocrx_word' id='word_1_90' title='bbox 1057 1101 1101 1135; x_wconf 85' lang='lat' dir='ltr'><em>et</em></span> <span class='ocrx_word' id='word_1_91' title='bbox 1127 1106 1223 1136; x_wconf 85' lang='lat' dir='ltr'><em>non</em></span> <span class='ocrx_word' id='word_1_92' title='bbox 1247 1108 1322 1136; x_wconf 87' lang='lat' dir='ltr'><em>me</em></span> <span class='ocrx_word' id='word_1_93' title='bbox 1352 1091 1583 1137; x_wconf 77' lang='lat' dir='ltr'><em>tenuistis.</em></span> 
     </span>
     <span class='ocr_line' id='line_1_13' title="bbox 174 1166 1588 1233; baseline -0.001 -18"><span class='ocrx_word' id='word_1_94' title='bbox 174 1168 275 1215; x_wconf 77' lang='lat' dir='ltr'><em>Sed</em></span> <span class='ocrx_word' id='word_1_95' title='bbox 291 1168 398 1214; x_wconf 71' lang='lat' dir='ltr'><em>hcec</em></span> <span class='ocrx_word' id='word_1_96' title='bbox 415 1167 618 1215; x_wconf 73' lang='lat' dir='ltr'><em>eschom</em></span> <span class='ocrx_word' id='word_1_97' title='bbox 635 1179 796 1214; x_wconf 79' lang='lat' dir='ltr'><em>vestra</em></span> <span class='ocrx_word' id='word_1_98' title='bbox 821 1177 863 1214; x_wconf 82' lang='lat' dir='ltr'><em>et</em></span> <span class='ocrx_word' id='word_1_99' title='bbox 872 1178 1088 1233; x_wconf 78' lang='lat' dir='ltr'><em>potestas</em></span> <span class='ocrx_word' id='word_1_100' title='bbox 1108 1166 1421 1214; x_wconf 79' lang='lat' dir='ltr'><em>tenebrarum.</em></span> <span class='ocrx_word' id='word_1_101' title='bbox 1450 1167 1588 1213; x_wconf 90' lang='lat' dir='ltr'><em>Tunc</em></span> 
     </span>
     <span class='ocr_line' id='line_1_14' title="bbox 174 1242 1591 1308; baseline -0.002 -17"><span class='ocrx_word' id='word_1_102' title='bbox 174 1243 392 1308; x_wconf 86' lang='lat' dir='ltr'><em>discipuli</em></span> <span class='ocrx_word' id='word_1_103' title='bbox 413 1261 598 1300; x_wconf 86' lang='lat' dir='ltr'><em>omnes,</em></span> <span class='ocrx_word' id='word_1_104' title='bbox 620 1243 789 1290; x_wconf 85' lang='lat' dir='ltr'><em>relicto</em></span> <span class='ocrx_word' id='word_1_105' title='bbox 809 1261 882 1300; x_wconf 89' lang='lat' dir='ltr'><em>e0,</em></span> <span class='ocrx_word' id='word_1_106' title='bbox 907 1243 1151 1308; x_wconf 83' lang='lat' dir='ltr'><em>fugerunt.</em></span> <span class='ocrx_word' id='word_1_107' title='bbox 1170 1244 1305 1290; x_wconf 90' lang='lat' dir='ltr'><em>Unus</em></span> <span class='ocrx_word' id='word_1_108' title='bbox 1323 1242 1591 1291; x_wconf 86' lang='lat' dir='ltr'><em>adolescens</em></span> 
     </span>
     <span class='ocr_line' id='line_1_15' title="bbox 174 1319 1588 1385; baseline -0.001 -18"><span class='ocrx_word' id='word_1_109' title='bbox 174 1322 374 1368; x_wconf 81' lang='lat' dir='ltr'><em>amictus</em></span> <span class='ocrx_word' id='word_1_110' title='bbox 392 1320 592 1367; x_wconf 86' lang='lat' dir='ltr'><em>sindone</em></span> <span class='ocrx_word' id='word_1_111' title='bbox 611 1319 915 1385; x_wconf 83' lang='lat' dir='ltr'><em>sequebatur,</em></span> <span class='ocrx_word' id='word_1_112' title='bbox 934 1321 1036 1385; x_wconf 88' lang='lat' dir='ltr'><em>qui,</em></span> <span class='ocrx_word' id='word_1_113' title='bbox 1056 1338 1165 1367; x_wconf 88' lang='lat' dir='ltr'><em>cum</em></span> <span class='ocrx_word' id='word_1_114' title='bbox 1183 1321 1443 1368; x_wconf 83' lang='lat' dir='ltr'><em>tenuissent</em></span> <span class='ocrx_word' id='word_1_115' title='bbox 1461 1337 1588 1374; x_wconf 88' lang='lat' dir='ltr'><em>eum,</em></span> 
     </span>
     <span class='ocr_line' id='line_1_16' title="bbox 178 1395 1592 1462; baseline -0.001 -18"><span class='ocrx_word' id='word_1_116' title='bbox 178 1400 346 1460; x_wconf 77' lang='lat' dir='ltr'><em>rejecta</em></span> <span class='ocrx_word' id='word_1_117' title='bbox 384 1397 583 1443; x_wconf 79' lang='lat' dir='ltr'><em>sindone</em></span> <span class='ocrx_word' id='word_1_118' title='bbox 623 1397 776 1442; x_wconf 88' lang='lat' dir='ltr'><em>nudus</em></span> <span class='ocrx_word' id='word_1_119' title='bbox 811 1397 1028 1462; x_wconf 81' lang='lat' dir='ltr'><em>profugit</em></span> <span class='ocrx_word' id='word_1_120' title='bbox 1051 1397 1109 1442; x_wconf 83' lang='lat' dir='ltr'><em>ab</em></span> <span class='ocrx_word' id='word_1_121' title='bbox 1133 1399 1214 1443; x_wconf 88' lang='lat' dir='ltr'><em>eis.</em></span> <span class='ocrx_word' id='word_1_122' title='bbox 1253 1399 1307 1443; x_wconf 91' lang='lat' dir='ltr'><em>ln</em></span> <span class='ocrx_word' id='word_1_123' title='bbox 1344 1397 1420 1443; x_wconf 83' lang='lat' dir='ltr'><em>illa</em></span> <span class='ocrx_word' id='word_1_124' title='bbox 1453 1395 1592 1442; x_wconf 87' lang='lat' dir='ltr'><em>turba</em></span> 
     </span>
     <span class='ocr_line' id='line_1_17' title="bbox 179 1472 1594 1521; baseline -0.001 -1"><span class='ocrx_word' id='word_1_125' title='bbox 179 1492 285 1520; x_wconf 82' lang='lat' dir='ltr'><em>cum</em></span> <span class='ocrx_word' id='word_1_126' title='bbox 311 1474 523 1520; x_wconf 82' lang='lat' dir='ltr'><em>adessent</em></span> <span class='ocrx_word' id='word_1_127' title='bbox 556 1472 776 1519; x_wconf 82' lang='lat' dir='ltr'><em>tribunus</em></span> <span class='ocrx_word' id='word_1_128' title='bbox 806 1485 853 1519; x_wconf 89' lang='lat' dir='ltr'><em>et</em></span> <span class='ocrx_word' id='word_1_129' title='bbox 879 1473 1048 1521; x_wconf 87' lang='lat' dir='ltr'><em>cohors</em></span> <span class='ocrx_word' id='word_1_130' title='bbox 1081 1485 1128 1520; x_wconf 87' lang='lat' dir='ltr'><em>et</em></span> <span class='ocrx_word' id='word_1_131' title='bbox 1160 1474 1367 1520; x_wconf 88' lang='lat' dir='ltr'><em>ministri</em></span> <span class='ocrx_word' id='word_1_132' title='bbox 1398 1473 1594 1520; x_wconf 88' lang='lat' dir='ltr'><em>Judaeo-</em></span> 
     </span>
     <span class='ocr_line' id='line_1_18' title="bbox 179 1551 1594 1615; baseline 0 -18"><span class='ocrx_word' id='word_1_133' title='bbox 179 1570 285 1598; x_wconf 90' lang='lat' dir='ltr'><em>rum</em></span> <span class='ocrx_word' id='word_1_134' title='bbox 301 1588 312 1607; x_wconf 94' lang='lat'><em>,</em></span> <span class='ocrx_word' id='word_1_135' title='bbox 337 1551 551 1597; x_wconf 71' lang='lat' dir='ltr'><em>Salvator</em></span> <span class='ocrx_word' id='word_1_136' title='bbox 569 1551 736 1615; x_wconf 81' lang='lat' dir='ltr'><em>ligatus</em></span> <span class='ocrx_word' id='word_1_137' title='bbox 755 1561 849 1608; x_wconf 83' lang='lat' dir='ltr'><em>est,</em></span> <span class='ocrx_word' id='word_1_138' title='bbox 871 1561 915 1598; x_wconf 90' lang='lat' dir='ltr'><em>et</em></span> <span class='ocrx_word' id='word_1_139' title='bbox 931 1553 1090 1615; x_wconf 87' lang='lat' dir='ltr'><em>primo</em></span> <span class='ocrx_word' id='word_1_140' title='bbox 1112 1551 1167 1597; x_wconf 90' lang='lat' dir='ltr'><em>ad</em></span> <span class='ocrx_word' id='word_1_141' title='bbox 1188 1551 1375 1598; x_wconf 81' lang='lat' dir='ltr'><em>Annam</em></span> <span class='ocrx_word' id='word_1_142' title='bbox 1391 1551 1594 1615; x_wconf 83' lang='lat' dir='ltr'><em>pontifi—</em></span> 
     </span>
     <span class='ocr_line' id='line_1_19' title="bbox 181 1628 1120 1693; baseline -0.002 -16"><span class='ocrx_word' id='word_1_143' title='bbox 181 1649 282 1678; x_wconf 84' lang='lat' dir='ltr'><em>cem</em></span> <span class='ocrx_word' id='word_1_144' title='bbox 301 1647 517 1677; x_wconf 79' lang='lat' dir='ltr'><em>socerum</em></span> <span class='ocrx_word' id='word_1_145' title='bbox 537 1629 726 1693; x_wconf 66' lang='lat' dir='ltr'><em>Caiphae</em></span> <span class='ocrx_word' id='word_1_146' title='bbox 750 1628 918 1675; x_wconf 87' lang='lat' dir='ltr'><em>ductus</em></span> <span class='ocrx_word' id='word_1_147' title='bbox 943 1640 1011 1675; x_wconf 84' lang='lat' dir='ltr'><em>est</em></span> <span class='ocrx_word' id='word_1_148' title='bbox 1033 1631 1120 1693; x_wconf 77' lang='lat'><strong>(2).</strong></span> 
     </span>
    </p>

    <p class='ocr_par' dir='ltr' id='par_1_3' title="bbox 181 1705 1597 2385">
     <span class='ocr_line' id='line_1_20' title="bbox 246 1705 1595 1772; baseline 0 -19"><span class='ocrx_word' id='word_1_149' title='bbox 246 1709 412 1755; x_wconf 86' lang='lat' dir='ltr'><em>Petrus</em></span> <span class='ocrx_word' id='word_1_150' title='bbox 435 1717 590 1753; x_wconf 84' lang='lat' dir='ltr'><em>autem</em></span> <span class='ocrx_word' id='word_1_151' title='bbox 626 1705 909 1771; x_wconf 81' lang='lat' dir='ltr'><em>sequebatur</em></span> <span class='ocrx_word' id='word_1_152' title='bbox 938 1725 962 1752; x_wconf 92' lang='lat' dir='ltr'><em>a</em></span> <span class='ocrx_word' id='word_1_153' title='bbox 994 1707 1133 1772; x_wconf 82' lang='lat' dir='ltr'><em>longe</em></span> <span class='ocrx_word' id='word_1_154' title='bbox 1160 1724 1308 1772; x_wconf 88' lang='lat' dir='ltr'><em>usque</em></span> <span class='ocrx_word' id='word_1_155' title='bbox 1337 1708 1386 1754; x_wconf 90' lang='lat' dir='ltr'><em>in</em></span> <span class='ocrx_word' id='word_1_156' title='bbox 1419 1707 1595 1754; x_wconf 89' lang='lat' dir='ltr'><em>atrium</em></span> 
     </span>
     <span class='ocr_line' id='line_1_21' title="bbox 181 1783 1596 1850; baseline 0 -19"><span class='ocrx_word' id='word_1_157' title='bbox 181 1786 410 1850; x_wconf 86' lang='lat' dir='ltr'><em>principis</em></span> <span class='ocrx_word' id='word_1_158' title='bbox 440 1784 765 1844; x_wconf 77' lang='lat' dir='ltr'><em>sacerdotum,</em></span> <span class='ocrx_word' id='word_1_159' title='bbox 806 1795 852 1831; x_wconf 85' lang='lat' dir='ltr'><em>et</em></span> <span class='ocrx_word' id='word_1_160' title='bbox 887 1785 1119 1849; x_wconf 82' lang='lat' dir='ltr'><em>ingressus</em></span> <span class='ocrx_word' id='word_1_161' title='bbox 1155 1786 1284 1833; x_wconf 85' lang='lat' dir='ltr'><em>intro</em></span> <span class='ocrx_word' id='word_1_162' title='bbox 1318 1783 1506 1832; x_wconf 76' lang='lat' dir='ltr'><em>sedebat</em></span> <span class='ocrx_word' id='word_1_163' title='bbox 1539 1785 1596 1831; x_wconf 84' lang='lat' dir='ltr'><em>ad</em></span> 
     </span>
     <span class='ocr_line' id='line_1_22' title="bbox 182 1861 1597 1926; baseline -0.001 -18"><span class='ocrx_word' id='word_1_164' title='bbox 182 1865 367 1926; x_wconf 72' lang='lat' dir='ltr'><em>ignem,</em></span> <span class='ocrx_word' id='word_1_165' title='bbox 401 1863 508 1926; x_wconf 84' lang='lat' dir='ltr'><em>quia</em></span> <span class='ocrx_word' id='word_1_166' title='bbox 544 1862 692 1926; x_wconf 81' lang='lat' dir='ltr'><em>frigus</em></span> <span class='ocrx_word' id='word_1_167' title='bbox 730 1873 854 1918; x_wconf 82' lang='lat' dir='ltr'><em>erat,</em></span> <span class='ocrx_word' id='word_1_168' title='bbox 894 1880 1002 1908; x_wconf 87' lang='lat' dir='ltr'><em>cum</em></span> <span class='ocrx_word' id='word_1_169' title='bbox 1039 1862 1295 1920; x_wconf 85' lang='lat' dir='ltr'><em>ministris,</em></span> <span class='ocrx_word' id='word_1_170' title='bbox 1330 1872 1384 1908; x_wconf 86' lang='lat' dir='ltr'><em>ut</em></span> <span class='ocrx_word' id='word_1_171' title='bbox 1415 1861 1597 1909; x_wconf 85' lang='lat' dir='ltr'><em>videret</em></span> 
     </span>
     <span class='ocr_line' id='line_1_23' title="bbox 184 1938 1597 2004; baseline 0 -18"><span class='ocrx_word' id='word_1_172' title='bbox 184 1940 343 1986; x_wconf 83' lang='lat' dir='ltr'><em>finem.</em></span> <span class='ocrx_word' id='word_1_173' title='bbox 372 1939 583 1986; x_wconf 87' lang='lat' dir='ltr'><em>Accenso</em></span> <span class='ocrx_word' id='word_1_174' title='bbox 615 1941 709 2004; x_wconf 79' lang='lat' dir='ltr'><em>igni</em></span> <span class='ocrx_word' id='word_1_175' title='bbox 752 1941 799 1986; x_wconf 92' lang='lat' dir='ltr'><em>in</em></span> <span class='ocrx_word' id='word_1_176' title='bbox 833 1938 990 1987; x_wconf 89' lang='lat' dir='ltr'><em>medio</em></span> <span class='ocrx_word' id='word_1_177' title='bbox 1015 1940 1137 1986; x_wconf 84' lang='lat' dir='ltr'><em>atrio</em></span> <span class='ocrx_word' id='word_1_178' title='bbox 1170 1950 1217 1987; x_wconf 86' lang='lat' dir='ltr'><em>et</em></span> <span class='ocrx_word' id='word_1_179' title='bbox 1249 1939 1597 1987; x_wconf 87' lang='lat' dir='ltr'><em>circumseden-</em></span> 
     </span>
     <span class='ocr_line' id='line_1_24' title="bbox 184 2016 1596 2082; baseline 0.001 -20"><span class='ocrx_word' id='word_1_180' title='bbox 184 2016 309 2063; x_wconf 78' lang='lat' dir='ltr'><em>tibus</em></span> <span class='ocrx_word' id='word_1_181' title='bbox 344 2016 457 2073; x_wconf 86' lang='lat' dir='ltr'><em>illis,</em></span> <span class='ocrx_word' id='word_1_182' title='bbox 487 2027 587 2063; x_wconf 83' lang='lat' dir='ltr'><em>erat</em></span> <span class='ocrx_word' id='word_1_183' title='bbox 621 2019 786 2064; x_wconf 87' lang='lat' dir='ltr'><em>Petrus</em></span> <span class='ocrx_word' id='word_1_184' title='bbox 815 2018 861 2063; x_wconf 88' lang='lat' dir='ltr'><em>in</em></span> <span class='ocrx_word' id='word_1_185' title='bbox 898 2016 1055 2064; x_wconf 90' lang='lat' dir='ltr'><em>medio</em></span> <span class='ocrx_word' id='word_1_186' title='bbox 1079 2035 1245 2065; x_wconf 89' lang='lat' dir='ltr'><em>eorum</em></span> <span class='ocrx_word' id='word_1_187' title='bbox 1269 2017 1364 2082; x_wconf 82' lang='lat'><strong>(3).</strong></span> <span class='ocrx_word' id='word_1_188' title='bbox 1392 2017 1596 2064; x_wconf 87' lang='lat' dir='ltr'><em>Maxima</em></span> 
     </span>
     <span class='ocr_line' id='line_1_25' title="bbox 182 2093 1594 2158; baseline 0.001 -20"><span class='ocrx_word' id='word_1_189' title='bbox 182 2095 348 2139; x_wconf 86' lang='lat' dir='ltr'><em>Petrus</em></span> <span class='ocrx_word' id='word_1_190' title='bbox 372 2093 686 2141; x_wconf 82' lang='lat' dir='ltr'><em>admiratione</em></span> <span class='ocrx_word' id='word_1_191' title='bbox 716 2094 1009 2140; x_wconf 63' lang='lat' dir='ltr'><em>venerandus</em></span> <span class='ocrx_word' id='word_1_192' title='bbox 1037 2104 1126 2151; x_wconf 88' lang='lat' dir='ltr'><em>cst,</em></span> <span class='ocrx_word' id='word_1_193' title='bbox 1158 2094 1290 2158; x_wconf 90' lang='lat' dir='ltr'><em>quod</em></span> <span class='ocrx_word' id='word_1_194' title='bbox 1307 2094 1594 2151; x_wconf 85' lang='lat' dir='ltr'><em>Dominum,</em></span> 
     </span>
     <span class='ocr_line' id='line_1_26' title="bbox 183 2169 1596 2229; baseline 0.002 -16"><span class='ocrx_word' id='word_1_195' title='bbox 183 2170 323 2216; x_wconf 78' lang='lat' dir='ltr'><em>etiam</em></span> <span class='ocrx_word' id='word_1_196' title='bbox 354 2187 461 2215; x_wconf 87' lang='lat' dir='ltr'><em>cum</em></span> <span class='ocrx_word' id='word_1_197' title='bbox 492 2170 707 2225; x_wconf 86' lang='lat' dir='ltr'><em>timeret,</em></span> <span class='ocrx_word' id='word_1_198' title='bbox 736 2180 919 2216; x_wconf 85' lang='lat' dir='ltr'><em>secutus</em></span> <span class='ocrx_word' id='word_1_199' title='bbox 944 2180 1029 2216; x_wconf 88' lang='lat' dir='ltr'><em>est.</em></span> <span class='ocrx_word' id='word_1_200' title='bbox 1059 2169 1198 2229; x_wconf 83' lang='lat' dir='ltr'><em>Quod</em></span> <span class='ocrx_word' id='word_1_201' title='bbox 1223 2170 1382 2227; x_wconf 89' lang='lat' dir='ltr'><em>timet,</em></span> <span class='ocrx_word' id='word_1_202' title='bbox 1413 2181 1596 2217; x_wconf 87' lang='lat' dir='ltr'><em>naturae</em></span> 
     </span>
     <span class='ocr_line' id='line_1_27' title="bbox 183 2245 1597 2311; baseline 0.001 -20"><span class='ocrx_word' id='word_1_203' title='bbox 183 2256 276 2300; x_wconf 81' lang='lat' dir='ltr'><em>est3</em></span> <span class='ocrx_word' id='word_1_204' title='bbox 306 2245 435 2309; x_wconf 91' lang='lat' dir='ltr'><em>quod</em></span> <span class='ocrx_word' id='word_1_205' title='bbox 466 2246 698 2308; x_wconf 81' lang='lat' dir='ltr'><em>sequitur,</em></span> <span class='ocrx_word' id='word_1_206' title='bbox 735 2245 1028 2301; x_wconf 77' lang='lat' dir='ltr'><em>devotionis3</em></span> <span class='ocrx_word' id='word_1_207' title='bbox 1064 2245 1193 2309; x_wconf 91' lang='lat' dir='ltr'><em>quod</em></span> <span class='ocrx_word' id='word_1_208' title='bbox 1225 2256 1389 2311; x_wconf 84' lang='lat' dir='ltr'><em>negat,</em></span> <span class='ocrx_word' id='word_1_209' title='bbox 1416 2245 1597 2310; x_wconf 88' lang='lat' dir='ltr'><em>obrep-</em></span> 
     </span>
     <span class='ocr_line' id='line_1_28' title="bbox 184 2321 915 2385; baseline 0 -18"><span class='ocrx_word' id='word_1_210' title='bbox 184 2324 355 2378; x_wconf 83' lang='lat' dir='ltr'><em>tionis;</em></span> <span class='ocrx_word' id='word_1_211' title='bbox 384 2321 511 2385; x_wconf 85' lang='lat' dir='ltr'><em>quod</em></span> <span class='ocrx_word' id='word_1_212' title='bbox 536 2323 767 2385; x_wconf 84' lang='lat' dir='ltr'><em>poenitet,</em></span> <span class='ocrx_word' id='word_1_213' title='bbox 792 2321 915 2369; x_wconf 82' lang='lat' dir='ltr'><em>fidei.</em></span> 
     </span>
    </p>
   </div>
   <div class='ocr_carea' id='block_1_3' title="bbox 184 2461 420 2466">
    <p class='ocr_par' dir='ltr' id='par_1_4' title="bbox 184 2461 420 2466">
     <span class='ocr_line' id='line_1_29' title="bbox 184 2461 420 2466; baseline 0 0"><span class='ocrx_word' id='word_1_214' title='bbox 184 2461 420 2466; x_wconf 95' lang='lat' dir='ltr'><em> </em></span> 
     </span>
    </p>
   </div>
   <div class='ocr_carea' id='block_1_4' title="bbox 185 2545 1594 2764">
    <p class='ocr_par' dir='ltr' id='par_1_5' title="bbox 229 2545 1420 2594">
     <span class='ocr_line' id='line_1_30' title="bbox 229 2545 1420 2594; baseline 0.004 -15"><span class='ocrx_word' id='word_1_215' title='bbox 229 2549 278 2591; x_wconf 72' lang='grc' dir='ltr'><em>(ι)</em></span> <span class='ocrx_word' id='word_1_216' title='bbox 306 2547 351 2580; x_wconf 74' lang='lat' dir='ltr'><em>Le</em></span> <span class='ocrx_word' id='word_1_217' title='bbox 369 2553 464 2580; x_wconf 73' lang='lat' dir='ltr'><em>texte</em></span> <span class='ocrx_word' id='word_1_218' title='bbox 482 2545 525 2579; x_wconf 78' lang='lat' dir='ltr'><em>de</em></span> <span class='ocrx_word' id='word_1_219' title='bbox 545 2547 636 2580; x_wconf 70' lang='lat' dir='ltr'><em>saint</em></span> <span class='ocrx_word' id='word_1_220' title='bbox 653 2548 741 2581; x_wconf 84' lang='lat' dir='ltr'><em>Jcan</em></span> <span class='ocrx_word' id='word_1_221' title='bbox 761 2555 865 2594; x_wconf 80' lang='lat' dir='ltr'><em>porte</em></span> <span class='ocrx_word' id='word_1_222' title='bbox 888 2564 892 2581; x_wconf 82' lang='lat' dir='ltr'>z</span> <span class='ocrx_word' id='word_1_223' title='bbox 915 2548 1003 2583; x_wconf 81' lang='lat' dir='ltr'><em>Non</em></span> <span class='ocrx_word' id='word_1_224' title='bbox 1020 2551 1078 2584; x_wconf 80' lang='lat' dir='ltr'><em>vis</em></span> <span class='ocrx_word' id='word_1_225' title='bbox 1097 2556 1136 2583; x_wconf 81' lang='lat' dir='ltr'><em>ul</em></span> <span class='ocrx_word' id='word_1_226' title='bbox 1151 2549 1273 2584; x_wconf 83' lang='lat' dir='ltr'><em>bibam</em></span> <span class='ocrx_word' id='word_1_227' title='bbox 1291 2549 1420 2584; x_wconf 82' lang='lat' dir='ltr'><em>illum?</em></span> 
     </span>
    </p>

    <p class='ocr_par' dir='ltr' id='par_1_6' title="bbox 185 2603 1594 2764">
     <span class='ocr_line' id='line_1_31' title="bbox 228 2603 1594 2655; baseline 0.002 -17"><span class='ocrx_word' id='word_1_228' title='bbox 228 2606 277 2648; x_wconf 65' lang='grc' dir='ltr'><em>(τι)</em></span> <span class='ocrx_word' id='word_1_229' title='bbox 304 2604 433 2637; x_wconf 69' lang='grc' dir='ltr'><em>ΜειῑῑὶιΔ</em></span> <span class='ocrx_word' id='word_1_230' title='bbox 454 2615 547 2646; x_wconf 69' lang='lat' dir='ltr'><em>xxvi,</em></span> <span class='ocrx_word' id='word_1_231' title='bbox 572 2603 703 2651; x_wconf 73' lang='lat'>51-573</span> <span class='ocrx_word' id='word_1_232' title='bbox 726 2605 835 2640; x_wconf 78' lang='lat' dir='ltr'><em>Marc.</em></span> <span class='ocrx_word' id='word_1_233' title='bbox 855 2617 928 2649; x_wconf 66' lang='lat' dir='ltr'><em>xm,</em></span> <span class='ocrx_word' id='word_1_234' title='bbox 949 2604 1079 2655; x_wconf 71' lang='lat'><strong>47-53;</strong></span> <span class='ocrx_word' id='word_1_235' title='bbox 1102 2607 1187 2641; x_wconf 93' lang='lat' dir='ltr'><em>Luc.</em></span> <span class='ocrx_word' id='word_1_236' title='bbox 1208 2618 1293 2651; x_wconf 60' lang='grc' dir='ltr'>χχιι,</span> <span class='ocrx_word' id='word_1_237' title='bbox 1316 2605 1446 2654; x_wconf 75' lang='grc'><strong>49-54;</strong></span> <span class='ocrx_word' id='word_1_238' title='bbox 1465 2608 1594 2642; x_wconf 87' lang='lat' dir='ltr'><em>Joann.</em></span> 
     </span>
     <span class='ocr_line' id='line_1_32' title="bbox 187 2661 1593 2709; baseline 0.002 -13"><span class='ocrx_word' id='word_1_239' title='bbox 187 2674 289 2704; x_wconf 62' lang='lat' dir='ltr'><em>xxm,</em></span> <span class='ocrx_word' id='word_1_240' title='bbox 320 2664 439 2703; x_wconf 73' lang='lat'>10-14.</span> <span class='ocrx_word' id='word_1_241' title='bbox 461 2681 507 2687; x_wconf 94' lang='lat'><strong>—</strong></span> <span class='ocrx_word' id='word_1_242' title='bbox 530 2661 579 2707; x_wconf 79' lang='lat'><em>(5)</em></span> <span class='ocrx_word' id='word_1_243' title='bbox 608 2663 736 2698; x_wconf 68' lang='lat' dir='ltr'><em>Mani..</em></span> <span class='ocrx_word' id='word_1_244' title='bbox 763 2677 857 2706; x_wconf 77' lang='lat' dir='ltr'><em>xxvi,</em></span> <span class='ocrx_word' id='word_1_245' title='bbox 887 2664 951 2708; x_wconf 63' lang='lat'><em>583</em></span> <span class='ocrx_word' id='word_1_246' title='bbox 979 2666 1087 2700; x_wconf 73' lang='lat' dir='ltr'><em>Marc.</em></span> <span class='ocrx_word' id='word_1_247' title='bbox 1115 2676 1190 2708; x_wconf 75' lang='lat' dir='ltr'><em>xiv,</em></span> <span class='ocrx_word' id='word_1_248' title='bbox 1219 2664 1284 2709; x_wconf 68' lang='lat'><em>545</em></span> <span class='ocrx_word' id='word_1_249' title='bbox 1314 2665 1399 2700; x_wconf 92' lang='lat' dir='ltr'><em>Luc.</em></span> <span class='ocrx_word' id='word_1_250' title='bbox 1421 2676 1507 2709; x_wconf 80' lang='lat' dir='ltr'><em>xxn,</em></span> <span class='ocrx_word' id='word_1_251' title='bbox 1529 2664 1593 2708; x_wconf 86' lang='lat'><em>55;</em></span> 
     </span>
     <span class='ocr_line' id='line_1_33' title="bbox 185 2719 607 2764; baseline -0.007 -9"><span class='ocrx_word' id='word_1_252' title='bbox 185 2725 314 2757; x_wconf 75' lang='lat' dir='ltr'><em>joann.</em></span> <span class='ocrx_word' id='word_1_253' title='bbox 336 2733 446 2761; x_wconf 66' lang='lat' dir='ltr'><em>xviii,</em></span> <span class='ocrx_word' id='word_1_254' title='bbox 477 2719 532 2764; x_wconf 81' lang='lat'><em>15,</em></span> <span class='ocrx_word' id='word_1_255' title='bbox 560 2722 607 2755; x_wconf 74' lang='lat'><em>16.</em></span> 
     </span>
    </p>
   </div>
  </div>
 </body>
</html>
