1738 3043
534 240 685 279 LIBER
714 239 991 279 SECUNDUS.
1397 245 1467 280 281

57 339 167 386 ergo
194 321 347 367 luctus
381 319 532 366 factus
565 331 659 376 est,
697 331 743 366 et
774 321 989 382 apostolo
1025 331 1166 385 atque
1200 322 1474 383 proconsuli

55 399 240 448 subitus
275 409 470 446 eventus
510 398 757 444 nuntiatus
795 407 880 443 est.
917 397 1114 444 Nutriee
1146 407 1329 455 antem,
1366 416 1474 464 quae

54 495 154 542 proe
173 485 416 523 senectute
436 474 654 521 manibus
670 474 874 520 aliorum
896 473 1197 538 portabatur,
1220 492 1309 539 pro
1326 493 1477 522 resus-

56 554 281 601 citatione
300 553 487 600 Calistae
507 552 776 617 apostolum
796 563 994 617 rogante
1008 589 1022 611 ,
1050 554 1264 618 quamvis
1290 554 1363 599 vir
1380 556 1477 618 ejus

55 633 243 680 saeviret
278 649 368 696 pro
404 631 654 679 commisso
690 631 819 696 gravi
860 631 1106 690 facinore,
1147 633 1276 678 mitis
1322 643 1476 680 tamen

54 711 297 776 apostolus
323 727 494 775 eorpus
529 712 576 756 in
613 710 824 756 medium
854 708 1064 756 exhiberi
1084 711 1253 774 jussit,
1284 720 1330 757 et
1355 728 1480 758 acce-

53 790 170 838 dens
214 801 322 854 post
359 789 627 837 orationem
662 799 804 853 caput
840 788 1052 835 mulieris
1084 789 1256 853 tetigit.
1291 788 1476 852 Surge,

56 869 237 934 inquit,
277 870 327 915 in
364 869 558 915 nomine
595 868 715 915 Jesu
758 867 938 916 Christi
975 868 1073 914 Dei
1108 869 1218 914 mei.
1253 868 1481 914 Protinus

53 947 228 993 mulier
246 947 476 1002 surrexit,
497 957 544 993 et
562 963 671 992 cum
690 946 903 993 Trofima
920 946 1156 1010 pacificari
1178 946 1364 1010 petivit.
1386 947 1482 992 Lis-

53 1023 161 1070 bius
186 1024 344 1089 itaque
368 1024 653 1088 proconsul,
677 1025 787 1071 visis
806 1023 1107 1071 mirabilibus
1126 1024 1239 1082 Dei,
1267 1042 1352 1089 per
1373 1042 1482 1089 apo-

55 1101 234 1148 stolum
250 1102 299 1147 in
326 1100 417 1147 lide
434 1102 638 1165 profecit
654 1139 665 1161 ,
688 1111 735 1149 et
754 1101 964 1149 consiliis
986 1101 1187 1166 apostoli
1206 1101 1411 1149 fideliter
1432 1101 1479 1147 in

55 1179 282 1228 omnibus
308 1178 674 1243 obtemperavit.

123 1256 336 1318 Quadam
361 1258 461 1314 die,
494 1258 609 1304 dum
632 1258 773 1305 simul
800 1259 846 1305 in
873 1258 1036 1306 littore
1061 1257 1406 1315 consedissent,
1436 1268 1484 1305 et

55 1335 216 1401 plures
252 1335 426 1383 ibidem
456 1335 514 1382 al)
539 1355 621 1384 ore
653 1337 853 1402 apostoli
886 1336 1086 1386 verbum
1118 1338 1200 1385 Dei
1231 1337 1484 1402 diligenter

56 1413 303 1470 audirent;
327 1432 432 1461 ecee
458 1415 652 1462 cadaver
672 1434 695 1461 a
716 1416 833 1461 mari
858 1425 968 1463 ante
989 1415 1130 1481 pedes
1148 1415 1348 1480 apostoli
1371 1417 1485 1480 ejec-

58 1503 162 1538 tum
184 1504 277 1547 est,
302 1513 323 1540 a
351 1511 448 1559 quo
471 1512 583 1541 mox
608 1494 707 1541 fusa
734 1512 873 1559 prece
900 1495 956 1541 ad
978 1497 1130 1543 Deum
1154 1495 1486 1541 resuscitatum

58 1581 144 1618 est.
175 1571 455 1637 Philopator
479 1573 657 1638 quippe
679 1573 939 1621 vocabatur
975 1573 1096 1620 idem
1118 1574 1333 1638 juvenis,
1362 1571 1486 1618 filius

60 1650 259 1698 Sostrati
282 1651 395 1698 civis
415 1651 704 1699 Macedonis.
725 1652 892 1700 Flente
912 1669 967 1700 eo
984 1670 1074 1716 pro
1100 1651 1238 1699 sociis
1261 1651 1343 1717 qui
1364 1649 1488 1696 ssuc-

59 1727 188 1774 tibus
203 1726 414 1793 absorpti
431 1730 640 1787 fuerant,
655 1741 701 1777 et
716 1731 1030 1795 supplicante,
1048 1729 1291 1795 apostolus
1306 1728 1459 1776 oravit
1472 1763 1483 1783 ,

60 1805 281 1870 undaque
315 1806 573 1854 famulante
604 1807 794 1854 devecta
823 1825 978 1854 xxmx
1004 1825 1205 1871 corpora
1238 1806 1488 1853 resuscita-

60 1883 150 1939 vit3
178 1883 240 1928 ita
269 1893 320 1928 ut
343 1884 603 1948 unicuique
623 1883 829 1930 fratrum
848 1884 1040 1949 juberet
1064 1901 1213 1930 unum
1239 1893 1488 1929 mortuum

61 1969 248 2017 tenere,
286 1962 423 2026 eique
455 1961 611 2009 dicere
649 1984 657 2008 :
697 1965 965 2010 Resuscz'cet
1006 1974 1046 2009 ie
1083 1964 1223 2010 „Iesus
1269 1961 1487 2007 Christus

45 2040 192 2101 filius
217 2041 315 2086 Dei
337 2042 449 2087 vivi.
484 2041 560 2087 Sic
592 2058 745 2088 xxxix
771 2042 859 2088 riri
891 2042 1170 2088 revixerunt
1200 2051 1247 2088 et
1271 2039 1490 2103 omnipo-

66 2127 246 2165 tentem
271 2118 421 2165 Deum
447 2119 855 2184 glorificaverunt.

129 2196 242 2242 Post
273 2196 420 2242 multa
455 2198 582 2261 signa
621 2208 668 2244 et
702 2196 827 2245 bona
862 2215 1034 2262 opera,
1072 2214 1180 2262 quae
1213 2195 1488 2259 singillatim

65 2290 285 2321 enarrare
327 2293 513 2340 nequeo
532 2313 543 2333 ,
590 2276 753 2324 beatus
794 2275 1006 2323 Andreas
1047 2275 1288 2341 apostolus
1330 2276 1489 2321 Patras

65 2351 196 2398 venit
231 2355 328 2416 (1),
368 2352 447 2399 ubi
488 2354 748 2401 Maximilla
792 2355 1000 2419 graviter
1037 2351 1324 2419 aegrotabat,
1367 2367 1492 2397 uxor

67 2428 207 2494 Egeae
239 2432 309 2493 (2)
347 2432 668 2495 proconsulis,
706 2434 787 2498 qui
822 2432 983 2481 Lisbio
1014 2441 1314 2479 successerat.
1352 2431 1490 2475 Tunc

115 2642 165 2686 (ι)
192 2642 286 2677 Dans
300 2643 332 2677 la
349 2643 501 2691 legende
517 2645 712 2692 originale,
730 2646 823 2680 saint
837 2645 962 2680 Andre
977 2645 1114 2680 revient
1127 2646 1146 2678 ἐι
1164 2644 1301 2685 Patras,
1322 2641 1426 2688 apri-‘S
1441 2651 1490 2672 ¹¹¹¹

70 2710 204 2745 voyage
218 2703 236 2734 a
252 2701 432 2738 Corintho
447 2710 484 2738 et
500 2706 519 2738 a
540 2705 699 2752 Megare.

117 2758 167 2802 (2)
194 2759 290 2794 Lisez
313 2777 318 2794 :
342 2762 519 2807 Agentes.
