1738 3043
513 235 666 276 LIBER
695 233 975 275 SECUNDUS.
1381 239 1461 278 255

35 314 424 379 derogationibus
449 315 831 362 concitaverunt.
860 314 1106 361 Simonem
1131 330 1246 378 ergo
1267 331 1458 381 magum

35 393 216 442 Neroni
243 392 302 439 de
333 391 513 457 palatio
539 391 817 456 procedenti
844 391 1194 455 praetulcrunt,
1221 402 1270 439 et
1296 391 1460 442 beatos

33 471 274 537 apostolos
304 470 424 518 salso
455 470 647 534 culpare
677 468 983 516 studuerunt.
1020 470 1189 517 Simon
1227 470 1285 519 de
1317 473 1461 521 Petro

34 550 183 598 multa
213 550 365 614 coepit
385 549 508 596 mala
531 548 713 606 dicere,
739 565 949 595 asserens
971 565 1082 596 eum
1106 567 1298 614 magum
1321 563 1369 599 et
1393 570 1461 600 se-

32 627 284 676 ductorem
315 643 428 675 esse.
465 626 694 674 Homines
729 625 883 673 eidem
921 626 1054 690 pravi
1094 626 1380 686 credebant,
1415 640 1462 677 et

33 705 400 763 deludebantur,
432 706 514 771 qui
539 704 836 770 phantastica
863 705 993 770 signa
1027 706 1125 770 ejus
1149 705 1293 753 stulte
1321 708 1463 754 mira-

34 783 229 831 bantur.
263 781 484 830 Faciebat
512 783 644 830 enim
668 789 937 847 serpentem
968 798 1148 829 aereum
1175 785 1356 831 moveri
1383 802 1461 841 se,

33 873 81 910 et
103 862 312 927 lapideos
336 878 474 909 canes
500 861 698 919 latrare,
731 870 908 908 statuas
934 878 1078 909 aereas
1102 860 1259 910 ridere
1284 874 1332 910 et
1355 880 1464 910 mo-

35 940 161 999 veri3
190 958 239 988 se
262 950 422 988 autem
448 957 641 988 currere
672 950 719 988 et
742 939 905 988 subito
933 940 982 987 in
1006 957 1112 988 aera
1139 940 1311 989 videri.
1339 942 1465 991 Con-

36 1029 105 1067 tra
126 1018 228 1066 haec
253 1019 421 1067 Petrus
443 1018 662 1068 infirmos
684 1017 834 1067 verbo
854 1017 1078 1077 curabat,
1106 1037 1258 1069 caecos
1279 1021 1466 1070 orando

34 1095 367 1153 illuminabat,
400 1096 637 1144 daemonia
662 1096 766 1144 solo
783 1098 917 1161 jussu
949 1096 1161 1162 fugabat.
1198 1099 1384 1147 Interea
1417 1109 1466 1148 et

36 1177 161 1241 ipsos
186 1186 405 1223 mortuos
441 1175 726 1233 suscitabat,
765 1186 814 1224 et
850 1193 1017 1224 omnes
1053 1193 1178 1242 quos
1213 1187 1404 1242 poterat
1439 1197 1463 1225 a

33 1255 233 1320 pessima
255 1255 378 1320 magi
401 1255 626 1301 societate
647 1252 975 1302 subtrahebat.
1006 1254 1183 1302 Omnes
1207 1273 1322 1321 ergo
1353 1255 1463 1304 reli·

33 1332 152 1398 giosi
168 1331 258 1378 viri
277 1349 469 1397 magum
488 1329 851 1389 execrabantur,
869 1331 1087 1380 scelerosi
1109 1349 1134 1379 e
1154 1342 1322 1380 contra
1338 1351 1468 1381 com-

34 1410 179 1475 plices
218 1411 317 1474 ejus
353 1408 473 1456 salso
508 1409 705 1456 Petrum
745 1409 1023 1457 testimonio
1059 1409 1463 1458 criminabantur.

36 1487 252 1536 Tandem
277 1487 547 1552 hujusmodi
579 1504 737 1535 sermo
761 1487 819 1534 ad
849 1486 1095 1535 Neronem
1124 1488 1287 1547 venit,
1317 1498 1365 1536 et
1388 1488 1468 1536 Si-

35 1582 231 1613 monem
248 1582 442 1631 magum
461 1564 518 1612 ad
535 1582 583 1613 se
604 1563 787 1631 ingredi
806 1565 1055 1630 praecepit.
1077 1565 1319 1631 Ingressus
1338 1566 1469 1615 illico

36 1645 189 1710 coepit
226 1645 467 1692 intuentes
494 1643 763 1702 ludificare,
797 1655 845 1692 et
875 1634 990 1692 ante
1019 1644 1265 1692 Neronem
1298 1645 1471 1711 effigies

36 1734 255 1784 mutare3
297 1723 360 1769 ita
395 1732 449 1769 ut
482 1721 645 1770 subito
682 1722 817 1771 fieret
857 1741 976 1788 puer
1007 1733 1055 1772 et
1085 1733 1250 1788 postea
1285 1725 1467 1783 senior,

37 1801 181 1848 altera
204 1817 319 1848 vero
348 1800 464 1848 liora
493 1800 858 1848 adolescentior.
887 1801 964 1847 Sic
990 1818 1076 1865 per
1098 1801 1273 1848 multas
1295 1802 1471 1867 figuras

37 1880 308 1926 ministerio
326 1878 502 1926 diaboli
524 1877 847 1925 bacchabatur
865 1880 955 1943 (1).
982 1880 1048 1926 Et
1069 1879 1173 1927 haec
1191 1880 1357 1928 videns
1382 1882 1468 1928 im-

38 1967 251 2021 perator,
272 1955 400 2003 hunc
413 1974 507 2003 esse
522 1957 606 2003 Dei
625 1956 776 2003 filium
792 1956 1032 2004 arbitraba
1040 1968 1135 2004 tur.
1155 1959 1294 2006 Tunc
1310 1960 1470 2007 seduc-

46 2045 149 2083 tore
169 2052 306 2099 mago
330 2051 439 2080 cum
464 2034 558 2080 suis
583 2033 897 2099 complicibus
925 2035 1166 2099 apostolos
1194 2046 1466 2093 accusante,

46 2112 326 2178 Nerojussit
341 2112 537 2159 Petrum
557 2122 603 2159 ct
622 2112 822 2159 Paulum
840 2112 1124 2161 festinanter
1141 2113 1308 2160 adduci
1327 2115 1383 2161 ad
1403 2134 1468 2163 sc.

47 2191 148 2238 Alia
181 2208 298 2238 vero
337 2190 414 2238 die
448 2191 651 2255 apostoli
693 2201 740 2238 et
782 2209 944 2257 magus
975 2208 1138 2239 coram
1170 2192 1351 2240 Caesarc
1380 2193 1473 2240 dis-

48 2279 385 2333 ceptaverunt,
417 2279 464 2316 et
488 2269 695 2326 diversa,
725 2280 778 2315 ut
800 2270 1005 2317 veridica
1039 2271 1252 2319 narratio
1278 2272 1469 2335 pandit,

49 2347 107 2394 ab
151 2348 240 2395 illis
279 2348 463 2413 prolata
509 2359 640 2395 sunt.
685 2348 806 2396 Nam
848 2349 1068 2414 discipuli
1109 2351 1322 2397 veritatis
1364 2369 1471 2399 vcra

50 2438 417 2492 prompserunt,
446 2445 731 2493 magumque
752 2427 908 2476 furem
927 2439 975 2477 et
997 2429 1278 2476 sceleratum
1304 2430 1351 2476 in
1376 2447 1475 2477 om-

99 2620 148 2664 (ι)
173 2621 231 2655 Au
252 2619 322 2654 lien
338 2620 383 2655 dc
400 2633 439 2654 cc
459 2627 549 2655 mot.
571 2633 617 2655 on
635 2620 671 2654 lit
692 2619 781 2655 dans
803 2620 832 2654 la
854 2620 1006 2656 relation
1027 2621 1209 2656 attribuer
1229 2624 1246 2656 ii
1262 2622 1350 2656 sain!
1378 2623 1473 2657 Mar-

57 2679 105 2712 cel
131 2695 134 2699 ·
159 2680 375 2722 incurbatus&
