1738 3043
197 180 246 217 24
567 178 806 217 lllS'l‘ORlA
838 179 1237 219 ECCLESIAS'I'ICA.

196 276 391 305 manum
444 260 539 321 ejus
590 258 744 304 tenuit
768 294 781 314 ,
825 250 1018 324 ipsoque
1055 258 1252 323 jubente
1302 260 1457 324 puella
1503 279 1606 309 sur-

195 338 343 394 rexit,
383 336 545 401 illique
569 335 667 381 dari
693 335 976 384 manducare
998 338 1225 402 praecepit
1241 374 1254 395 ,
1281 349 1329 386 et
1361 337 1480 386 fama
1506 339 1607 388 haec

198 415 244 460 in
284 415 550 460 universam
589 424 763 460 terram
803 415 916 462 exiit
947 415 1040 478 (1).
1079 416 1230 462 Jairus
1267 417 1609 482 interpretatur

198 492 509 549 illuminans,
550 491 623 539 vel
667 492 995 551 illuminatus,
1036 504 1083 540 et
1123 494 1356 559 significat
1392 495 1609 561 Moysem

196 569 405 634 aliosque
430 569 541 634 legis
575 568 816 626 doctores;
847 570 1110 618 duodennis
1139 582 1296 619 autem
1317 572 1437 630 filia,
1465 590 1609 638 syna-

196 664 363 712 gogam
382 667 393 704 ;
428 646 744 694 haemorreusa
777 666 915 709 vcro,
950 649 1165 713 gentium
1200 649 1472 707 ecclesiam,
1500 666 1608 714 quae

195 725 327 789 prius
361 739 445 789 per
485 723 728 772 Christum
771 725 911 773 fidem
958 727 1147 791 tetigit,
1195 737 1242 774 et
1281 728 1531 775 sanitatem
1583 745 1608 773 a

195 803 436 868 profluvio
468 803 727 861 idolatriae,
762 804 1116 870 carnaliumque
1150 805 1476 870 voluptatum,
1509 822 1611 870 gra-

198 882 312 928 tiosa
347 882 616 945 praeripuit.
658 882 870 928 Tandem
890 919 901 941 ,
937 883 1057 929 sicut
1080 883 1233 947 puella
1254 885 1386 947 jussu
1411 883 1606 932 Domini

195 970 355 1023 postea
396 960 615 1007 revixisse
654 959 854 1016 dicitur,
899 961 962 1006 sic
1003 962 1166 1019 lsrael,
1207 979 1316 1008 cum
1357 961 1609 1026 plenitudo

195 1038 411 1099 gentium
440 1037 705 1101 introierit,
733 1036 1007 1083 salvabitur.
1611 1086 1613 1089 ,

262 1114 374 1162 Inde
397 1115 505 1161 Jesu
539 1124 838 1171 transeunte,
879 1108 1026 1161 secuti
1062 1125 1174 1160 sunt
1203 1133 1311 1162 eum
1340 1114 1435 1162 duo
1469 1116 1608 1173 caeci,

197 1193 450 1239 clamantes
474 1213 483 1237 ε
512 1193 739 1239 Miserere
761 1192 1029 1257 nostre',fili
1046 1192 1226 1240 David.
1250 1192 1422 1240 Oculos
1445 1210 1613 1240 eorum

195 1271 324 1319 domi
352 1271 532 1335 tetigit,
559 1288 731 1335 eosque
758 1270 1045 1317 illuminavit
1070 1271 1161 1335 (2).

261 1349 467 1413 Egressis
489 1348 578 1395 illis
593 1384 605 1404 ,
629 1366 734 1395 ecce
757 1347 1039 1395 obtulerunt
1064 1348 1101 1395 ei
1125 1347 1370 1395 hominem
1393 1357 1609 1408 mutum,

197 1437 244 1474 et
272 1425 565 1473 daemonium
596 1424 865 1472 habentem.
898 1427 1061 1489 Ejecto
1087 1435 1244 1472 autem
1270 1424 1512 1482 daemone,
1538 1424 1613 1472 lo-

197 1515 332 1551 cutus
362 1514 430 1552 est
460 1515 620 1550 mutus
651 1513 698 1551 et
731 1502 970 1550 admiratae
1001 1513 1112 1550 sunt
1142 1501 1324 1561 turbae,
1358 1501 1567 1550 dicentes
1599 1523 1608 1548 :

197 1584 479 1649 Numquam
499 1584 729 1648 apparuit
748 1585 819 1629 sie
840 1584 890 1629 in
910 1583 943 1628 I
941 1582 1083 1630 srael.
1107 1581 1328 1629 Pharisaei
1353 1599 1467 1629 vero
1490 1579 1614 1629 dice-

198 1661 316 1708 bant
344 1684 352 1707 :
379 1664 438 1709 In
463 1661 726 1708 Beelzebub
743 1663 965 1728 principe
985 1661 1334 1709 dcemoniorum
1354 1660 1488 1726 ejicit
1509 1658 1615 1707 doe-

200 1759 361 1787 mones
381 1742 470 1805 (5).

263 1820 422 1865 Jesum
446 1820 495 1864 in
514 1818 700 1865 deserto
725 1817 877 1865 turbae
905 1817 1240 1882 requirebant,
1267 1826 1315 1864 et
1338 1816 1612 1872 inventum,

198 1916 257 1945 ne
281 1897 562 1954 discederet,
586 1897 674 1943 sibi
698 1897 909 1945 detinere
933 1896 1163 1961 optabant
1184 1896 1273 1959 (4).

264 1976 383 2022 Cum
415 1975 570 2022 turbae
609 1977 876 2034 irruerent,
921 1986 975 2022 ut
1012 1974 1212 2023 verbum
1243 1975 1327 2022 Dei
1363 1972 1611 2030 audirent,

197 2056 327 2101 Jesus
359 2056 406 2101 in
430 2072 598 2102 navem
631 2055 838 2102 Simonis
862 2054 1095 2110 ascendit,
1125 2069 1329 2118 eumque
1351 2069 1376 2098 a
1408 2061 1533 2098 terra
1565 2050 1616 2096 in

200 2142 418 2195 stagnum
458 2131 745 2178 Genesareth
785 2131 1009 2178 reducere
1044 2130 1271 2193 pusillum
1307 2127 1508 2192 rogavit.
1543 2124 1614 2174 Ibi

202 2209 363 2255 sedens
393 2208 552 2254 turbas
580 2209 768 2263 docuit,
800 2218 871 2263 et,
900 2217 954 2253 ut
986 2207 1117 2271 loqui
1152 2206 1369 2263 cessavit,
1403 2204 1613 2261 Simoni,

201 2285 281 2349 qui
327 2295 425 2330 tota
473 2295 613 2331 nocte
659 2284 835 2330 frustra
877 2283 1153 2342 laborarat,
1193 2282 1314 2329 dixit
1358 2303 1367 2327 :
1412 2282 1524 2328 Due
1566 2282 1617 2328 in

203 2361 382 2418 allum,
429 2371 471 2406 et
513 2361 678 2407 laxate
720 2363 839 2407 retia
877 2373 1034 2408 vestra
1075 2362 1124 2407 in
1167 2371 1438 2426 capturam.
1475 2359 1616 2420 Quod

202 2455 311 2483 cum
343 2438 586 2494 fecissent,
624 2440 862 2502 copiosam
895 2438 1232 2486 concluserunt
1255 2437 1615 2484 multitudinem

251 2632 299 2674 ἰ)
327 2630 454 2665 Manli.
479 2643 506 2663 ix
520 2657 529 2673 ‚
545 2628 672 2668 25-262
694 2632 803 2665 Marc.
823 2644 861 2671 v,
883 2630 1012 2673 35-453
1028 2632 1113 2665 Luc.
1133 2642 1211 2673 vin,
1233 2628 1353 2676 49-56.
1368 2630 1466 2674 -(2)
1480 2628 1610 2664 Matth.

203 2699 231 2720 u
247 2716 254 2730 ‚
276 2687 396 2735 27-31.
415 2687 522 2731 -—·(.⁷))
544 2689 670 2723 matu».
695 2701 722 2723 ix
738 2717 746 2731 ,
770 2688 890 2731 52-34.
921 2711 951 2716 —
973 2692 1024 2733 (4)
1045 2690 1128 2723 Luc.
1152 2701 1198 2731 iv,
1223 2691 1276 2730 42.
