1738 3043
514 215 520 222 .
590 178 743 218 LIBER
773 178 978 217 PRIMUS.
1445 180 1497 217 :39

89 272 137 309 et
159 260 330 310 multas
355 258 514 306 turbas
531 260 588 305 ad
611 276 719 306 eum
748 258 1018 306 accedentes
1036 258 1217 305 docuit.
1246 257 1314 304 lbi
1336 270 1494 306 mutos

88 350 134 387 et
170 338 382 394 claudOS,
421 354 592 393 caecos,
625 335 800 384 debiles
834 347 882 384 et
913 337 1027 383 alios
1058 336 1236 384 multos
1268 336 1325 383 ad
1357 336 1495 400 pedes

87 421 184 483 ejus
208 420 441 483 projectos
466 416 670 471 curavit;
700 416 761 461 ita
781 425 834 461 ut
858 414 1013 462 turbae
1038 416 1353 474 mirarentur,
1379 414 1496 462 dum

89 495 302 543 viderent
341 503 498 541 mutos
546 493 675 557 loqui
695 528 707 549 ,
752 492 942 539 claudos
979 490 1219 540 ambulare
1262 502 1310 540 et
1347 510 1496 541 caecos

88 572 245 620 videre
273 572 366 635 (1).
395 571 507 617 Haec
530 570 747 616 similiter
779 570 827 616 in
853 579 1009 616 sancta
1041 569 1230 616 ecclesia
1262 570 1497 618 Dominus

87 647 394 712 spiritualiter
433 657 680 711 operatur,
722 648 852 710 cujus
892 663 982 711 ope
1019 644 1157 693 turba
1192 656 1497 710 peccatorum

85 723 298 788 quotidie
324 723 546 770 salvatur.
579 723 699 769 Muti
732 733 846 770 sunt
872 723 954 788 qui
981 723 1241 771 Dominum
1266 739 1366 769 non
1396 723 1498 768 lau-

84 801 224 859 dant,
248 818 335 849 nec
360 801 500 848 fidem
525 801 834 849 confitentur.
859 801 982 847 Caeci
1009 810 1120 847 sunt
1138 800 1220 865 qui
1245 817 1344 848 non
1367 799 1500 847 intel-

84 879 268 944 ligunt,
295 880 435 927 etiam
467 880 502 926 si
533 877 866 944 obtemperent
888 876 1186 942 jubentibus.
1220 876 1360 924 Surdi
1387 888 1499 925 sunt

84 958 166 1022 qui
207 974 308 1005 nou
343 956 705 1022 obtemperant,
746 958 889 1005 etiam
927 958 962 1003 si
1002 956 1288 1021 intelligant.
1331 955 1497 1002 Claudi

85 1045 196 1080 sunt
216 1035 298 1100 qui
319 1045 555 1100 praecepta
586 1052 686 1083 non
711 1035 913 1099 implent
935 1034 1094 1081 divina
1107 1069 1121 1092 ‚
1144 1043 1191 1080 et
1212 1032 1393 1079 vadunt
1415 1050 1501 1096 per

85 1113 216 1176 pravi
240 1114 397 1176 operis
419 1113 567 1161 devia.
592 1113 727 1161 Tales
750 1113 967 1177 quotidie
989 1111 1219 1158 divinitus
1244 1120 1498 1169 sanantur,

86 1207 138 1237 ac
156 1190 212 1237 ad
237 1191 359 1236 viam
384 1190 544 1236 salutis
564 1191 911 1254 perducuntur.
941 1190 1184 1236 Timentes
1208 1188 1497 1244 Dominum,

86 1268 167 1331 qui
205 1267 334 1331 signa
372 1267 636 1332 corporalia
676 1266 927 1323 videbant,
969 1266 1066 1312 laeti
1109 1282 1269 1330 regem
1306 1263 1501 1311 sabaoth

85 1344 467 1410 magnificabant.
509 1345 650 1392 Nunc
688 1361 880 1410 quoque
917 1360 1006 1407 pro
1041 1344 1354 1390 conversione
1388 1359 1501 1390 reo-

85 1440 193 1470 rum
224 1422 381 1470 fideles
410 1423 653 1480 exultant,
690 1432 737 1469 et
769 1421 1033 1468 Dominum
1057 1420 1226 1476 Israel,
1254 1420 1336 1485 qui
1372 1418 1498 1467 bona

85 1511 254 1547 cuncta
277 1500 390 1547 facit
405 1537 418 1558 ,
454 1501 529 1565 pie
554 1499 877 1566 magnificant.

147 1578 277 1625 Jesus
326 1578 598 1626 convocatis
642 1576 884 1642 discipulis
923 1576 1016 1622 suis
1052 1575 1174 1622 dixit
1211 1595 1221 1621 :
1265 1576 1502 1636 Misereor·

86 1655 252 1713 turbae,
268 1656 385 1721 quia
398 1655 557 1702 triduo
567 1656 680 1721 jam
686 1665 997 1721 perseverant
1015 1670 1217 1710 mecum,
1239 1664 1283 1699 et
1299 1671 1396 1700 non
1412 1652 1499 1699 ha·

87 1733 196 1780 benc
219 1733 352 1798 quod
375 1732 688 1789 manducent;
708 1743 752 1779 et
775 1732 1013 1779 dimittere
1037 1748 1117 1779 eos
1135 1732 1335 1796 jejunos
1353 1730 1465 1778 nolo
1480 1768 1495 1787 ,

87 1828 146 1857 ne
155 1811 383 1876 deficiant
395 1812 444 1857 in
454 1814 536 1858 via
544 1847 553 1857 .
568 1810 748 1858 Deinde
761 1810 990 1874 praecepit
1001 1807 1155 1856 turbae
1169 1826 1311 1874 super
1322 1820 1498 1856 terram

88 1888 401 1946 discumbere,
415 1899 594 1953 septem
608 1905 750 1952 panes
763 1905 816 1934 ac
835 1887 1084 1951 pisciculos
1099 1904 1274 1951 paucos
1290 1887 1470 1951 accepit
1484 1923 1498 1945 ‚

85 1966 255 2029 gratias
273 1966 393 2030 egit,
423 1966 588 2029 fregit,
615 1964 950 2028 discipulisque
974 1964 1067 2009 suis
1093 1962 1240 2010 dedit.
1269 1963 1498 2027 Discipuli

86 2052 243 2089 autem
281 2042 460 2107 populo
502 2041 736 2089 dederunt
751 2077 764 2098 ,
809 2051 856 2088 et
901 2039 1214 2087 comederunt
1250 2057 1414 2087 omnes
1453 2049 1501 2087 et

86 2120 278 2166 saturati
304 2130 432 2166 sunt.
462 2119 603 2180 Quod
626 2118 862 2183 superfuit
884 2117 941 2164 de
961 2116 1263 2181 fragmentis,
1286 2117 1503 2165 tulerunt

87 2207 264 2261 septem
288 2207 469 2261 sportas
488 2196 666 2261 plenas.
694 2196 847 2242 Erant
871 2205 1052 2251 autem,
1077 2195 1159 2259 qui
1183 2193 1503 2241 manducave-

88 2286 230 2334 runt,
254 2285 462 2341 quatuor
480 2275 629 2321 millia
652 2274 891 2330 virorum,
919 2282 1049 2320 extra
1070 2271 1293 2337 parvulos
1318 2281 1366 2318 et
1389 2288 1502 2318 mu-

89 2352 224 2401 lieres
241 2353 334 2417 (2).
358 2354 421 2400 Et
443 2352 628 2400 dimissa
655 2350 819 2408 turba,
843 2350 891 2397 in
912 2349 1177 2397 naviculam
1195 2348 1430 2409 ascendit,
1456 2359 1503 2395 et

94 2432 141 2477 in
173 2431 289 2479 fines
322 2430 568 2496 Magedam
599 2430 672 2478 vel
700 2428 1015 2476 Dalmanutha
1044 2428 1167 2473 circa
1196 2425 1404 2474 Genesar
1425 2445 1502 2474 ve-

142 2658 190 2699 (1)
217 2656 346 2691 Matth.
369 2669 423 2693 xv.
447 2654 569 2702 29-31.
597 2672 621 2679 -
649 2655 698 2699 (¹2)
719 2652 848 2688 Matth.
871 2664 925 2694 κν,
951 2648 1083 2692 32-383
1104 2649 1213 2686 Marc.
1233 2659 1317 2690 vm,
1347 2660 1414 2693 1-9·
