1738 3043
664 221 817 261 LIBER
847 220 1055 260 PRIMUS.
1520 222 1570 259 75

152 306 387 353 ducar-ent
417 302 632 350 Pascha.
668 302 807 347 Tunc
833 300 929 346 illic
961 301 1114 366 iniqui
1147 311 1301 347 coetus
1333 300 1569 364 aggregati

153 395 289 440 sunt,
328 383 682 445 Dominumque
720 379 849 443 quasi
879 381 978 443 jam
1011 379 1287 426 convictum
1321 394 1457 424 reum
1487 377 1573 423 ad—

151 461 416 517 duxerunt,
438 460 685 507 annitente
705 456 878 522 Caipha
893 493 905 515 ‚
930 457 1004 503 cui
1023 459 1122 522 jam
1146 467 1281 504 antea
1301 457 1455 503 visum
1474 455 1574 503 fue-

154 550 227 585 rat
269 550 323 586 ut
366 539 497 586 Jesns
537 545 829 592 moreretur;
871 535 999 582 nulla
1040 552 1172 582 mora
1214 535 1570 599 interponitur,

154 618 272 682 quin
295 614 588 663 damnandus
612 614 765 662 Pilato
791 613 1074 661 traderetur.

219 693 357 742 Solus
378 693 630 741 Matthaeus
651 692 832 740 exitum
850 692 875 738 J
882 690 984 738 udae
1005 689 1249 737 traditoris
1265 689 1492 745 narravit,
1514 689 1575 734 ita

152 772 312 820 dicens
334 790 344 816 :
371 772 508 818 Tunc
531 771 702 818 videns
725 771 766 818 J
765 770 891 817 udas
905 808 918 829 ‚
947 771 1033 835 qui
1058 767 1264 816 tradidit
1290 785 1420 826 eum,
1445 768 1580 831 quod

153 849 416 896 damnatus
435 859 578 907 esset,
589 849 879 914 poenitentia
896 848 1088 904 ductus,
1111 845 1271 893 retulit
1290 861 1390 892 xxx
1410 861 1579 909 argen-

154 939 251 975 teos
275 927 586 994 principibus
616 927 923 974 sacerdotum
963 937 1007 973 et
1035 924 1332 980 senioribus,
1363 922 1532 969 dicens
1564 941 1574 967 :

153 1005 388 1062 Peccam',
411 1006 606 1052 tradens
623 1007 912 1071 sanguinem
922 1006 1130 1070 justum.
1153 1003 1217 1050 At
1236 1002 1303 1049 illi
1322 1001 1574 1048 dixerunt:

161 1083 299 1147 Quid
327 1084 398 1130 acl
427 1083 553 1130 nos?
585 1095 634 1131 tu
660 1083 860 1131 videris.
899 1083 964 1129 Et
1001 1082 1226 1146 projectis
1253 1079 1488 1146 argenteis
1527 1079 1577 1125 in

160 1161 362 1225 templo,
385 1162 598 1219 recessit;
621 1171 669 1208 et
687 1160 875 1218 abiens,
897 1160 1064 1226 laqueo
1088 1177 1135 1206 se
1159 1158 1420 1223 suspendit.
1445 1156 1579 1203 Prin-

156 1241 282 1305 cipes
307 1241 606 1288 sacerdotum
624 1277 636 1298 ,
659 1241 862 1304 acceptis
889 1239 1123 1305 argenteis
1138 1274 1150 1295 ,
1181 1237 1408 1285 dixerunt
1432 1256 1442 1282 ε
1464 1235 1579 1282 Non

158 1318 268 1365 licet
286 1337 366 1366 eos
383 1321 565 1366 mittere
582 1322 631 1366 in
652 1319 900 1367 corbanan
915 1319 1009 1383 (1),
1031 1319 1148 1383 quia
1157 1320 1368 1383 pretium
1383 1314 1582 1379 sangui-

155 1397 233 1441 m's
256 1407 340 1442 est.
370 1396 583 1446 Consilio
609 1407 766 1445 autem
793 1397 942 1454 inito,
973 1405 1196 1444 emerunt
1215 1412 1272 1442 ex
1296 1393 1388 1439 illis
1413 1409 1580 1458 agrum

157 1472 288 1538 figuli
314 1474 361 1520 in
386 1475 681 1539 sepulturam
700 1475 1084 1540 peregrinorum.
1105 1474 1309 1536 Propter
1328 1470 1419 1518 hoc
1437 1486 1583 1517 voca-

160 1559 233 1597 tus
269 1561 338 1598 est
370 1569 479 1617 ager
516 1552 594 1600 ille
634 1573 644 1598 :
675 1550 1020 1600 Acheldemach
1047 1551 1150 1616 (2),
1190 1549 1283 1597 hoc
1324 1559 1426 1606 est,
1464 1564 1586 1613 ager

157 1629 441 1693 sanguinis,
467 1647 616 1695 usque
643 1630 691 1676 in
724 1629 1012 1678 hodiernum
1041 1628 1185 1676 diem.
1220 1627 1297 1674 Sic
1331 1625 1583 1691 impletum

161 1715 230 1751 cst
257 1705 387 1770 quod
412 1716 548 1753 antea
571 1705 913 1771 prophetatum
935 1716 1004 1754 est
1029 1706 1122 1770 (5).

225 1781 440 1840 Exinde,
469 1785 616 1831 sancti
643 1783 958 1849 Evangelistae
986 1800 1096 1849 quae
1128 1800 1214 1848 per
1243 1781 1450 1829 Pilatum
1474 1797 1584 1828 cum

161 1858 371 1906 Domino
403 1871 528 1925 gesta
566 1872 678 1917 sunt
708 1863 915 1909 seriatim
944 1880 1166 1910 enarrare
1194 1870 1414 1926 satagunt
1425 1878 1438 1916 ;
1476 1876 1584 1924 quae

163 1937 358 1985 studiosi
377 1937 578 1986 lectores
601 1938 778 1986 debent
799 1939 1053 2003 diligenter
1080 1941 1388 2003 investigare,
1413 1947 1460 1985 et
1483 1937 1586 1983 sin-

162 2013 270 2078 gula
302 2014 396 2061 suis
427 2015 474 2062 in
507 2015 622 2063 locis
647 2014 998 2063 rationabiliter
1021 2026 1257 2079 coaptare.
1286 2015 1341 2060 In
1371 2013 1587 2078 passione

211 2264 262 2310 (1)
287 2263 339 2300 Ce
359 2271 439 2299 mot
460 2264 602 2300 devrait
627 2265 706 2300 etre
724 2266 818 2301 ecrit
836 2265 1019 2305 corbona‚-
1044 2264 1187 2312 d'apres
1203 2263 1483 2312 l⁷orthographe
1500 2263 1590 2311 qu’il

167 2336 186 2358 a
204 2324 463 2382 suivie‚'n0tre
480 2332 611 2360 auteur
627 2326 764 2361 semble
781 2326 906 2361 l'avoir
925 2325 1111 2362 confondu
1129 2338 1213 2361 avec
1238 2326 1377 2361 corban
1394 2324 1587 2371 (donum).

169 2383 293 2431 Voyez
308 2383 506 2432 l'Evangile
523 2384 569 2419 de
587 2386 682 2421 saint
700 2387 818 2430 Marc,
840 2399 895 2420 vn
907 2414 915 2430 ,
942 2400 994 2421 ιι.

215 2444 265 2489 (2)
292 2444 389 2479 Lisez
408 2443 651 2480 Hacelclama.

215 2501 266 2549 (3)
292 2504 423 2539 Matth.
449 2516 573 2549 xxvii,
594 2503 706 2547 3-1o;
727 2507 814 2541 Act.
837 2513 970 2552 apost„
1001 2519 1032 2549 ι,
1061 2506 1118 2550 18,
1143 2518 1196 2554 ¹9·
1217 2506 1321 2542 Saint
1337 2505 1503 2541 Mathieu
1522 2505 1593 2539 cite

171 2565 191 2597 a
213 2570 307 2599 cette
333 2565 499 2600 occasion
523 2577 573 2600 un
594 2572 690 2600 texte
716 2565 761 2600 de
782 2566 963 2610 Jeremie,
988 2567 1052 2614 qui
1079 2579 1126 2601 ne
1151 2577 1187 2601 se
1215 2573 1343 2601 trouve
1364 2577 1427 2613 pas
1445 2565 1534 2600 dans
1553 2577 1593 2599 cc

172 2623 283 2670 qu’on
311 2624 462 2672 possede
482 2625 717 2672 aujourd'hui
737 2625 782 2660 de
800 2638 840 2661 ce
859 2627 1051 2674 prophete.
1073 2627 1120 2661 Le
1136 2626 1213 2661 seul
1231 2638 1381 2675 passage
1400 2625 1464 2674 qui
1483 2636 1505 2671 y
1523 2624 1592 2658 soit

175 2682 374 2729 applicahle
387 2713 395 2727 ,
417 2687 434 2719 a
454 2692 558 2721 notre
578 2686 851 2729 connaissance,
873 2687 1078 2733 appartient
1098 2688 1116 2721 a
1134 2685 1332 2730 zacharie,
1350 2686 1410 2721 ch.
1435 2697 1464 2718 xi
1477 2711 1485 2723 ,
1502 2695 1534 2716 v.
1555 2695 1592 2716 w.

177 2747 212 2774 ct
238 2740 288 2776 15.
