1738 3043
222 251 245 283 ζ)
260 248 298 285 Η
589 244 830 283 HISTORIA
861 244 1263 283 ECCLESIASTICA.

225 327 341 371 laci-a
370 323 749 387 ‹·ons1·ingcutc5‚
779 322 1012 370 ululatum
1035 323 1151 370 dirae
1182 325 1310 371 vocis
1333 324 1632 373 emittebant.

227 403 392 449 szani
415 419 528 467 crgo
551 401 800 466 pontifices
830 401 877 448 in
908 401 1146 466 apostolos
1170 401 1440 460 irruerunt,
1461 418 1638 468 eosque

222 482 476 544 gaudentes
491 517 503 537 ,
524 482 717 545 Deoquc
735 479 905 545 gratias
923 490 1110 544 agentes
1135 479 1496 528 interfecerunt.
1523 480 1643 528 Sen-

225 577 306 605 nes
324 574 515 624 quoque
537 556 704 622 hospes
723 574 889 605 eorum
909 575 1019 604 cum
1038 558 1102 603 eis
1121 574 1276 622 passus
1293 567 1384 616 est,
1408 558 1520 623 quia
1537 557 1639 606 ido-

224 636 280 681 lis
297 634 557 681 sacrificare
576 634 880 698 contempsit.
907 635 1005 698 Ipsa
1027 632 1161 691 hora,
1181 633 1374 699 quando
1392 632 1503 681 coeli
1521 645 1640 682 esset

224 710 446 758 serenitas
489 728 681 774 magna,
727 709 912 775 fulgura
955 710 1219 757 extiterunt
1262 709 1435 769 nimia,
1479 710 1541 756 ita
1583 721 1640 757 ut

228 789 406 836 trifarie
447 788 740 835 scinderetur
776 788 1007 851 templum
1039 807 1063 834 a
1095 805 1282 835 summo
1314 787 1425 836 tecti
1452 785 1641 854 fastigio

227 885 372 932 usque
394 868 442 913 in
463 866 686 912 ultimum
708 865 1090 912 fundamentum.
1114 867 1284 914 Zaroes
1304 877 1463 914 autem
1481 875 1529 914 et
1545 865 1642 913 Ar-

226 945 352 990 saxat
394 945 488 990 ictu
525 943 738 989 fulminis
769 942 918 988 adusti
957 954 1003 989 et
1042 944 1089 989 in
1132 944 1388 992 carbonem
1426 944 1639 993 conversi

229 1033 356 1068 sunt.

295 1100 408 1145 Post
431 1115 643 1145 mensem
667 1097 862 1144 tertium
890 1115 972 1145 rex
997 1098 1180 1145 Xerxes
1207 1114 1372 1145 omnes
1394 1096 1646 1163 pontifices

230 1175 525 1223 confuscavit
551 1176 646 1240 (1),
674 1185 721 1223 et
743 1174 1070 1239 apostolorum
1095 1193 1296 1240 corpora
1324 1192 1433 1221 cum
1462 1175 1642 1240 ingenti

230 1253 413 1301 honore
438 1253 495 1299 ad
514 1270 646 1299 suam
674 1253 913 1300 civitatem
940 1253 1184 1300 transtulit
1199 1289 1211 1310 ,
1245 1255 1294 1300 in
1318 1270 1410 1319 qua
1434 1253 1646 1300 extruxit

227 1331 468 1378 basilicam
499 1332 547 1377 in
572 1341 815 1396 octogono
843 1331 978 1396 cyclo
1007 1341 1118 1378 octo
1146 1331 1432 1396 angulorum
1454 1339 1646 1395 octoge-

230 1428 346 1457 num
364 1409 563 1474 pedum3
588 1410 650 1456 ita
669 1419 724 1455 ut
744 1410 889 1457 octies
913 1420 1201 1474 octogenum
1225 1409 1398 1473 pedum
1420 1425 1648 1456 numerus

232 1497 563 1534 numeraretur
587 1505 672 1551 per
696 1505 896 1552 gyrum,
921 1488 969 1533 in
995 1487 1143 1533 altum
1162 1498 1320 1542 autem
1338 1485 1513 1551 pedum
1535 1503 1648 1534 cen-

232 1574 334 1610 tum
362 1565 549 1627 viginti.
576 1565 745 1610 Omnia
773 1583 825 1610 ex
852 1564 1090 1628 quadratis
1114 1562 1432 1612 marmoribus
1457 1574 1505 1610 et
1532 1580 1648 1628 syn-

232 1642 413 1688 maticis
431 1642 501 1703 (2)
517 1642 747 1700 extruxit,
765 1659 967 1688 cameras
983 1659 1095 1688 vero
1115 1641 1302 1687 laminis
1318 1642 1468 1689 aureis
1482 1641 1642 1687 affixit.

232 1720 285 1763 In
325 1717 482 1764 medio
519 1729 677 1764 autem
713 1728 954 1783 octogono
994 1718 1334 1783 sarcophagum
1364 1735 1420 1765 ex
1451 1727 1647 1783 argento

233 1811 356 1858 puro
390 1794 614 1839 instituit.
647 1795 736 1841 Per
761 1805 968 1859 quatuor
991 1811 1141 1842 annos
1159 1794 1387 1841 fabricam
1409 1795 1648 1842 incessan-

235 1883 308 1918 ter
338 1871 575 1928 exercuit,
610 1883 656 1918 et
681 1888 1014 1919 consummans
1038 1890 1137 1919 eam
1162 1871 1236 1920 die
1261 1872 1426 1926 natalis
1451 1889 1645 1930 eorum,

236 1948 281 1995 id
306 1958 375 1996 est
403 1959 453 1995 νυ
475 1948 566 1994 kal.
599 1948 897 2007 novembris,
925 1949 1165 1996 basilicam
1193 1950 1241 1996 in
1261 1949 1494 1999 honorem
1517 1968 1648 1997 sanc-

234 2038 394 2074 torum
419 2026 633 2073 dedicare
664 2028 857 2074 meruit.
892 2028 943 2074 In
980 2045 1078 2092 quo
1102 2027 1209 2075 loco
1239 2026 1465 2075 beneficia
1489 2027 1645 2074 divina

234 2104 476 2151 credentes
518 2115 895 2169 consequuntur,
932 2106 1011 2169 qui
1053 2106 1283 2171 martyria
1317 2122 1508 2163 eorum,
1540 2122 1647 2170 quae

232 2183 446 2229 Domino
467 2193 633 2229 nostro
658 2183 766 2229 Jesu
793 2181 983 2229 Christo
1008 2200 1155 2248 usque
1179 2183 1237 2229 ad
1261 2193 1467 2230 mortem
1490 2181 1647 2247 perhi-

235 2259 470 2317 buerunt,
515 2269 819 2306 venerantur.
864 2260 958 2306 Nos
998 2261 1136 2306 etiam
1155 2297 1166 2314 ,
1206 2261 1287 2325 qui
1325 2270 1563 2324 sperantes
1598 2259 1646 2306 in

280 2450 329 2492 (ι)
356 2447 503 2492 D’apri·s
517 2446 548 2479 le
565 2459 711 2494 passage
728 2449 1015 2495 correspondant
1030 2448 1080 2483 du
1093 2449 1176 2484 saux
1191 2449 1345 2492 Abdias,
1366 2461 1405 2483 ce
1421 2454 1496 2482 mot
1509 2447 1647 2482 devrait

236 2507 378 2541 ,ψύαι-ἰη-
397 2519 461 2551 cmg
482 2508 626 2548 meavit,
651 2513 687 2541 et
706 2507 920 2553 signifierait
941 2510 1159 2556 confisquer.
1180 2510 1285 2544 Cette
1301 2509 1407 2555 peine
1420 2519 1512 2542 nous
1532 2508 1650 2554 parait

235 2568 318 2602 bien
339 2567 459 2612 legere
481 2572 515 2599 ct.
535 2566 618 2600 bien
639 2567 777 2602 tan-dive
802 2581 894 2615 pour
912 2568 962 2603 les
986 2569 1153 2604 assassins
1177 2568 1238 2603 des
1256 2567 1350 2602 deux
1368 2567 1529 2614 apotrCS,
1549 2566 1594 2602 de
1615 2567 1647 2601 la

237 2633 316 2673 part
333 2624 420 2660 d'un
441 2625 494 2659 roi
515 2624 691 2660 chretien.

284 2688 332 2729 ἀ)
358 2686 414 2720 Au
433 2683 504 2718 lieu
523 2683 567 2718 dc
590 2697 629 2719 ce
644 2693 738 2729 mot,
758 2698 804 2720 on
825 2686 865 2721 lit
886 2686 972 2721 dans:
993 2687 1025 2721 le
1046 2687 1126 2721 faux
1142 2686 1276 2722 Ahdias
1295 2702 1299 2719 :
1323 2688 1527 2731 signaticis,
1547 2686 1648 2721 εὐει-

232 2743 350 2778 mim:
369 2742 538 2786 walmes.
