1738 3043
271 243 349 283 ‘254
636 237 881 280 HISTORIA
910 238 1314 281 ECCLESIASTICA.

269 334 324 370 nt
347 340 431 388 per
458 329 607 368 totam
630 320 801 368 urbem
819 336 962 368 sonus
981 320 1340 385 praedicationis
1357 331 1405 369 et
1423 324 1684 372 sanctitatis

270 403 368 464 ejus
394 399 555 455 fieret,
580 407 629 445 et
650 397 773 445 sama
809 415 895 463 per
917 399 1188 445 universam
1211 398 1332 446 circa
1357 399 1601 465 regionem
1626 401 1684 448 de

271 477 353 524 illo
382 476 549 522 exiret.
577 474 716 522 Multi
746 474 804 522 de
825 475 970 522 domo
1001 474 1192 522 Caesaris
1215 474 1273 521 ad
1295 492 1405 522 eum
1424 492 1686 526 concurre—

269 555 386 602 bant
401 589 414 611 ,
437 564 485 602 et
502 551 659 600 audita
683 553 1024 618 praedicatione
1047 558 1145 617 ejus
1171 553 1220 600 in
1243 554 1507 602 Dominum
1527 556 1687 603 Jesum

268 632 514 680 Christum
544 630 818 679 credebant.
854 631 1018 678 Plures
1054 631 1195 678 etiam
1231 648 1290 679 ex
1324 631 1549 682 cubiculo
1585 636 1689 681 Cae-

270 711 384 758 saris
415 710 472 757 ad
501 727 611 758 eum
638 709 926 766 veniebant,
955 719 1003 756 et
1035 710 1148 756 facti
1183 709 1441 757 Christiani
1465 711 1688 759 militiam

269 786 572 844 deserebant,
598 797 645 834 et
670 787 863 834 interno
886 785 1075 833 fervore
1098 787 1165 832 sic
1191 786 1470 834 inflammati
1498 786 1690 836 Christo

269 864 599 921 adhaerebant,
629 875 684 911 ut
705 881 868 910 rursus
898 864 956 910 ad
981 864 1204 911 militiam
1226 881 1386 923 suam,
1410 865 1485 912 vel
1512 865 1573 914 ad
1602 884 1690 932 pa-

271 945 440 991 latium
463 943 637 990 reverti
664 942 877 999 nollent3
908 941 989 989 sed
1012 942 1216 1007 gloriam
1239 961 1364 991 vcrae
1387 943 1495 992 fidei
1518 955 1566 992 et
1587 945 1691 991 vir—

273 1031 433 1066 tutum
455 1019 597 1065 armis
617 1017 842 1066 omnibus
867 1028 914 1066 et
939 1017 1118 1065 divitiis
1140 1036 1193 1065 ac
1218 1018 1485 1068 honoribus
1506 1038 1692 1086 praepo-

270 1108 458 1145 nerent.
483 1099 654 1162 Ingens
673 1097 835 1162 itaque
852 1095 1044 1145 diabolo
1063 1097 1280 1162 quotidie
1297 1097 1692 1163 augmentabatur

269 1176 638 1232 detrimentum,
675 1185 723 1222 et
760 1173 978 1222 fidelibus
1015 1174 1202 1223 salubre
1235 1175 1480 1240 gaudium.
1518 1175 1692 1225 Seneca

270 1256 412 1302 etiam
432 1254 682 1301 institutor
697 1253 996 1318 imperatoris
1017 1252 1133 1301 adeo
1148 1263 1219 1301 est
1233 1254 1300 1300 illi
1318 1253 1523 1301 amicitia
1543 1271 1692 1320 copu-

272 1333 390 1380 latus
406 1369 420 1391 ‚
454 1331 618 1380 videns
641 1333 692 1379 in
724 1349 782 1380 eo
805 1331 1015 1379 divinam
1048 1332 1320 1391 scientiam,
1346 1342 1402 1380 ut
1424 1349 1472 1381 se
1492 1349 1518 1379 a
1540 1332 1694 1381 collo-

270 1411 386 1476 quio
406 1410 531 1456 illius
557 1419 821 1474 temperare
843 1409 928 1456 vix
945 1420 1127 1474 posset3
1152 1409 1377 1474 quatinus
1395 1409 1433 1456 si
1452 1426 1537 1457 ore
1560 1408 1618 1456 ad
1639 1426 1693 1457 os

272 1489 407 1537 illum
441 1488 620 1553 alloqui
653 1505 753 1535 non
785 1487 990 1544 valeret,
1026 1486 1360 1552 frequentibus
1389 1487 1510 1535 datis
1540 1495 1589 1536 et
1611 1505 1694 1535 ac·—

270 1567 418 1631 ceptis
441 1566 682 1631 epistolis,
710 1566 853 1630 ipsius
881 1564 1132 1613 dulcedine
1163 1574 1211 1613 et
1240 1565 1423 1613 amicali
1449 1565 1694 1632 colloquio

271 1656 412 1709 atque
442 1644 644 1692 consilio
668 1643 929 1690 frueretur.
961 1643 1039 1689 Sic
1068 1643 1301 1690 nimirum
1323 1645 1420 1708 ejus
1445 1644 1690 1702 doctrina,

271 1732 439 1788 agente
463 1721 648 1786 Spiritu
671 1721 847 1768 Sancto
864 1755 878 1778 ‚
903 1720 1314 1786 multiplicabatur
1345 1731 1393 1769 et
1419 1721 1690 1780 amabatur,

271 1811 326 1846 ut
359 1800 488 1848 licite
515 1799 579 1846 ibi
606 1799 825 1856 doceret,
854 1809 902 1846 et
924 1815 949 1844 a
973 1798 1137 1845 multis
1160 1798 1473 1848 libentissime
1505 1799 1695 1848 audire-

273 1889 368 1925 tur.
409 1876 696 1942 Disputabat
725 1876 960 1942 siquidem
997 1894 1107 1923 cum
1142 1875 1447 1925 ethnicorum
1477 1876 1694 1943 philoso-

271 1956 378 2022 phis
411 1967 458 2004 et
489 1955 764 2004 revincebat
792 1955 1009 2012 Judaeos;
1045 1954 1172 2003 unde
1195 1965 1243 2003 et
1272 1956 1542 2021 magisterio
1566 1956 1692 2003 illius

270 2034 466 2098 plurimi
490 2051 658 2080 manus
676 2034 860 2081 darent.
883 2033 1113 2094 Quaedam
1135 2050 1340 2099 namque
1363 2034 1538 2099 scripta
1562 2034 1689 2081 illius

270 2112 493 2177 magister
517 2111 710 2158 Caesaris
738 2128 899 2158 coram
923 2128 979 2158 eo
1005 2110 1201 2175 relegit,
1237 2121 1286 2158 et
1317 2111 1367 2158 in
1399 2111 1585 2158 cunctis
1607 2112 1692 2158 ad-

270 2188 538 2237 mirabilem
564 2188 789 2237 reddidit.
816 2189 1015 2235 Senatus
1039 2187 1180 2235 etiam
1204 2187 1262 2235 de
1286 2187 1369 2236 illo
1391 2205 1491 2236 non
1517 2187 1689 2236 medio·

271 2268 417 2315 criter
439 2266 688 2314 sentiebat.

336 2346 486 2409 Igitur
508 2345 622 2391 dum
653 2345 717 2390 sic
742 2343 930 2390 divinus
962 2343 1188 2407 splendor
1217 2361 1303 2408 per
1332 2344 1538 2409 insignes
1570 2361 1686 2408 apo-

271 2421 417 2469 stolos
436 2439 534 2468 non
555 2422 708 2468 solum
729 2420 954 2468 Romanis
973 2420 1264 2479 emicuisset,
1286 2420 1365 2469 sed
1384 2421 1524 2468 etiam
1543 2438 1687 2468 cunc-

272 2510 343 2546 tos
359 2534 371 2554 ‚
398 2499 478 2562 qui
503 2499 559 2545 de
583 2497 776 2545 (liversis
800 2496 1073 2545 nationibus
1102 2499 1302 2545 Romam
1319 2532 1333 2555 ,
1360 2508 1528 2562 utpote
1546 2508 1685 2562 caput

270 2575 465 2631 mundi,
502 2575 785 2640 appetebant
801 2611 814 2632 ,
855 2575 1157 2632 illustrasset5
1195 2578 1392 2639 maj0res
1429 2591 1684 2639 synagoga-

271 2671 379 2699 rum
402 2663 448 2699 et
476 2652 712 2716 principes
742 2652 958 2717 gentium
983 2651 1082 2699 zelo
1104 2650 1430 2697 amaritudinis
1453 2650 1679 2698 commoti

272 2741 381 2777 »unt
397 2766 408 2783 ,
451 2740 495 2773 et
537 2728 777 2775 turbidum
817 2729 980 2791 vulgus
1023 2729 1069 2773 in
1103 2727 1264 2774 odium
1302 2726 1494 2774 illorum
1527 2727 1680 2790 impiis
