1738 3043
240 197 318 235 368
608 192 851 232 HISTORIA
883 194 1284 235 ECCLESIASTICA.

242 275 359 322 vatis
384 274 431 320 in
458 272 635 319 coelum
661 273 810 320 oculis
839 273 959 320 dixit
980 295 990 320 :
1015 275 1249 333 Domine,
1279 278 1327 322 in
1353 295 1524 325 mamas
1547 290 1654 326 tuas

240 351 523 401 commendo
547 353 766 418 spiritum
795 370 963 399 meum.
994 353 1106 399 Haec
1139 354 1298 411 effata,
1324 355 1454 403 ultro
1480 355 1656 403 collum

243 429 467 486 tetendit,
491 439 535 475 ct
561 428 744 478 lanistae
765 447 862 476 uno
889 430 984 475 ictu
1015 430 1165 494 capite
1191 440 1404 478 truncata
1432 442 1518 480 est.
1543 433 1659 480 Ful-

242 505 396 571 gidarn
429 506 576 551 instar
599 504 709 552 solis
738 505 945 552 animam
974 509 1070 571 ejus
1106 506 1162 553 de
1194 524 1397 572 corpore
1430 525 1659 573 egressam

240 585 378 631 multi
401 583 624 630 viderunt
650 584 697 629 in
722 584 859 649 igneo
883 582 1026 649 globo
1051 583 1223 631 deferri
1251 585 1300 631 in
1321 585 1523 644 coelum,
1549 603 1659 633 cum

242 662 521 729 hymnidico
542 661 819 726 angelorum
843 673 1080 710 concentu
1097 663 1359 711 dicentium
1383 685 1394 710 :
1414 665 1573 712 Beata
1589 682 1656 722 eS,

247 742 273 785 Ῑ
284 740 450 786 ‘aleria
476 749 659 802 martyr
689 739 893 798 Clu-isti,
919 757 1028 804 qua?
1053 741 1288 788 mandata
1315 742 1519 788 Domini
1544 759 1660 789 cus-

241 819 426 866 todisti.
457 819 572 865 Eris
590 819 781 882 jugiter
793 835 1086 884 permanens
1108 819 1157 864 ιή
1179 831 1433 886 conspecta
1452 820 1584 884 ejus,
1611 820 1662 866 in

241 897 498 963 splendore
522 896 644 942 lucis
671 913 781 960 quse
808 899 1058 942 terminum
1088 914 1184 944 non
1207 899 1444 962 cognovit.

307 975 418 1020 llaec
443 972 635 1019 audiens
670 973 874 1038 armiger
907 972 1132 1038 Stephani
1158 973 1311 1032 ducis,
1339 976 1422 1040 qui
1449 992 1550 1022 eam
1579 974 1662 1022 de-

242 1052 522 1107 collaverat,
545 1067 654 1096 cum
674 1068 854 1097 summa
877 1049 1181 1099 festinatione
1200 1052 1410 1100 Domino
1433 1068 1518 1099 suo
1541 1069 1662 1098 nun-

244 1131 378 1176 tiavit
411 1129 570 1177 omnia
604 1146 711 1193 quae
735 1128 917 1175 viderat
940 1129 1014 1177 vel
1038 1129 1266 1177 audierat.
1304 1129 1377 1176 Ad
1409 1129 1659 1188 ultimum,

243 1220 298 1256 ut
320 1207 521 1256 verbum
547 1207 747 1271 x·i1·ginis
770 1206 827 1253 de
851 1207 1120 1254 imminenti
1146 1217 1305 1254 morte
1327 1225 1407 1254 sua
1432 1207 1660 1272 protulit,

242 1287 302 1335 ab
343 1286 512 1352 angelo
543 1303 792 1349 percussus
827 1285 883 1331 ad
917 1284 1056 1349 pedes
1089 1284 1220 1331 ducis
1255 1284 1425 1333 cecidit
1466 1295 1514 1333 et
1552 1302 1664 1333 mox

243 1365 492 1431 expiravit.
521 1364 693 1411 Timor
717 1373 876 1410 autem
900 1374 946 1410 et
973 1373 1155 1410 tremor
1187 1381 1384 1428 magnus
1420 1363 1589 1410 ducem
1618 1373 1665 1410 et

243 1453 473 1491 cunctum
508 1441 742 1507 populum
779 1443 877 1505 ejus
916 1441 1110 1498 invasit,
1151 1441 1352 1506 ideoque
1384 1440 1483 1488 dux
1509 1441 1665 1490 cilicio

247 1522 440 1569 indutus
467 1520 522 1566 ad
557 1538 604 1566 se
633 1518 827 1566 beatum
859 1519 1125 1565 Martialem
1149 1520 1312 1566 venire
1340 1520 1543 1584 rogavit.
1572 1518 1665 1579 Qui

245 1615 356 1644 cum
380 1597 426 1643 in
450 1595 699 1660 praesentia
725 1596 822 1657 ejus
845 1595 1074 1651 venisset,
1096 1605 1404 1658 prosternens
1429 1613 1475 1642 se
1493 1595 1589 1642 dux
1609 1596 1665 1642 ad

245 1674 384 1740 pedes
413 1676 536 1738 ejus,
566 1690 674 1719 cum
700 1689 875 1736 magno
899 1671 1015 1719 ssetu
1047 1672 1195 1736 coepit
1219 1672 1375 1720 dicere
1397 1691 1407 1716 :
1432 1675 1660 1733 Peccavi,

245 1759 275 1799 ὀ
307 1754 386 1799 vir
416 1751 742 1807 sanctissime,
765 1748 988 1811 fundens
1023 1751 1309 1814 sanguinem
1334 1751 1548 1815 justum;
1579 1751 1667 1798 sed

242 1846 419 1896 precor
443 1838 486 1873 te
512 1838 561 1873 ut
584 1827 835 1873 resuscites
855 1825 982 1872 hunc
1001 1827 1294 1891 armigeram
1313 1843 1470 1873 meum
1482 1863 1499 1884 ,
1527 1838 1570 1873 et
1592 1845 1667 1874 me

237 1908 408 1971 facias
433 1905 625 1953 credere
646 1905 695 1950 ιή
721 1904 878 1950 Deum
901 1915 1049 1950 tuum.
1079 1904 1219 1950 Tunc
1240 1914 1428 1951 sanctus
1447 1904 1666 1968 pontifex

247 2000 441 2032 omnem
454 1981 686 2047 populum
702 1978 1086 2027 Christianorum
1108 1981 1413 2037 convocavit,
1435 1990 1481 2028 et
1501 1998 1665 2028 omnes

245 2073 301 2109 ut
321 2064 472 2109 Deum
498 2076 586 2124 pro
605 2058 963 2106 resuscitatione
987 2058 1164 2105 mortui
1193 2057 1562 2123 deprecarentur
1583 2058 1666 2105 ad-

246 2140 455 2188 monuit.
473 2136 658 2185 Deinde
680 2136 808 2184 facto
832 2137 1048 2193 silentio,
1075 2137 1171 2200 ipse
1195 2136 1315 2182 clara
1340 2153 1456 2184 voce
1481 2137 1662 2194 oravit,

247 2230 294 2267 et
318 2218 453 2265 finita
477 2217 694 2265 oratione
717 2215 775 2261 ad
794 2214 1005 2261 defuncti
1037 2231 1209 2278 corpus
1235 2213 1379 2271 abiit,
1409 2223 1666 2280 tenensque

248 2312 443 2342 manum
466 2296 588 2358 ejus,
614 2302 668 2337 ut
686 2301 953 2355 resurgeret
979 2291 1025 2336 in
1054 2290 1250 2338 nomine
1273 2291 1467 2337 Domini
1486 2307 1666 2355 praece-

248 2373 336 2437 pit.
375 2370 467 2431 Qui
508 2368 762 2416 confestim
799 2369 1034 2425 surrexit,
1073 2377 1121 2415 et
1153 2367 1436 2432 provolutus
1458 2367 1663 2432 episcopi

248 2448 447 2516 pedibus
478 2446 701 2511 baptifflri
736 2446 891 2510 petiit.
921 2445 1187 2510 Stephanus
1211 2446 1353 2493 etiam
1375 2443 1470 2491 dux
1494 2454 1549 2490 ut
1572 2443 1664 2492 hoc

250 2528 438 2591 signum
471 2523 612 2578 vidit,
639 2522 857 2570 similiter
891 2523 1038 2569 sancti
1071 2521 1277 2587 vestigiis
1297 2517 1583 2584 procubuit,
1617 2531 1664 2567 et

251 2602 593 2668 indulgentiam
616 2618 705 2665 pro
726 2601 977 2648 commisso
999 2600 1210 2648 facinore
1236 2597 1524 2662 imploravit.
1551 2598 1664 2646 Bea-

253 2694 327 2729 tus
350 2691 506 2729 autem
538 2679 753 2744 pontifex
784 2679 1121 2744 poenitentiam
1145 2678 1183 2726 ei
1211 2694 1298 2741 pro
1327 2675 1662 2725 interfectione
