1738 3043
426 213 874 281 ORDERICI
924 213 1308 280 VITALlS

712 382 1021 414 ANGLIGBNAE

159 522 984 608 ECCLESIASTICAE
1048 521 1573 605 HISTORIAE

562 721 800 776 LIBER
847 718 1165 776 PRIMUS.

224 971 259 1016 1.
289 969 595 1016 OMNJPOTENS
616 967 833 1015 Verbum
858 986 943 1032 per
965 968 1095 1033 quod
1115 968 1241 1015 Deus
1266 969 1403 1014 Pater
1419 967 1581 1014 omnia

159 1047 400 1104 condidit,
434 1047 542 1092 vitis
578 1064 719 1104 vera,
759 1064 1064 1111 summusque
1098 1046 1461 1110 paterfamilias,
1498 1047 1582 1110 qui

160 1127 344 1172 vineam
375 1125 633 1189 plantavit,
676 1135 724 1172 et
759 1143 783 1171 a
822 1142 962 1171 mane
997 1142 1146 1189 usque
1186 1124 1243 1170 ad
1280 1123 1583 1171 undecimam

160 1203 326 1250 horam
353 1204 637 1250 intromissis
661 1203 889 1268 operariis
913 1203 1089 1250 excolit
1104 1239 1116 1260 ,
1144 1213 1198 1249 ut
1222 1201 1422 1250 uberem
1445 1201 1584 1248 fruc—

159 1293 263 1328 tum
299 1301 354 1330 ex
386 1281 547 1330 eadem
583 1282 805 1347 colligere
833 1282 1005 1347 possit,
1044 1281 1257 1329 eamdem
1288 1282 1502 1337 vineam,
1537 1279 1585 1326 id

160 1371 228 1408 est
259 1372 468 1408 sanctam
494 1361 737 1408 ecclesiam
754 1397 767 1419 ‚
805 1361 941 1408 nullo
969 1371 1184 1424 tempore
1214 1359 1397 1406 desistit
1428 1358 1585 1405 colere

158 1441 350 1505 ejusque
379 1440 594 1504 palmites
625 1457 710 1504 per
734 1440 896 1486 omnia
927 1437 1095 1485 mundi
1129 1437 1317 1484 climata
1352 1435 1586 1484 nobiliter

158 1535 436 1583 propagare.
465 1519 566 1582 Ipse
592 1518 852 1579 nimirum,
879 1518 961 1582 qui
988 1528 1057 1565 est
1087 1516 1307 1564 omnium
1338 1533 1476 1562 verus
1501 1532 1586 1562 rex

159 1596 453 1655 seculorum,
493 1607 541 1645 et
573 1615 712 1645 verus
746 1596 968 1662 pontifex
999 1596 1281 1643 futurorum
1309 1594 1584 1652 bonorum,

161 1691 390 1739 verusque
412 1673 645 1738 propheta
661 1711 674 1732 ,
702 1674 1052 1739 hominumque
1076 1672 1301 1721 dominus
1325 1681 1372 1719 et
1394 1670 1585 1736 angelo-

158 1769 292 1810 rum,
328 1751 436 1799 oleo
469 1752 650 1799 laetitiae
682 1770 782 1816 prae
812 1750 1127 1817 participibus
1156 1750 1250 1796 suis
1284 1747 1588 1796 ineffabiliter

159 1841 355 1888 unctus,
398 1831 838 1896 inaestimabilisque
874 1832 1059 1879 consilii
1097 1841 1310 1896 paternae
1344 1829 1589 1893 dispensa-

163 1907 306 1953 tionis
331 1907 523 1971 angelus
553 1907 848 1971 (secundum
881 1908 1070 1956 oracula
1102 1906 1474 1971 prophetarum,
1504 1904 1587 1969 qui

162 1984 345 2048 Spiritu
370 1984 544 2030 Sancto
569 1984 750 2042 edocti,
778 2002 863 2031 ceu
883 1985 1031 2032 stellae
1052 1985 1098 2029 in
1123 1983 1260 2047 hujus
1281 1982 1424 2029 seculi
1446 1991 1590 2029 nocte

162 2061 430 2119 fulserunt,
475 2073 522 2109 et
557 2062 688 2109 velut
727 2062 837 2127 galli
882 2062 1212 2110 somnolentos
1254 2061 1590 2108 antelucanum

163 2139 376 2187 canendo
398 2140 680 2198 excitantes,
707 2140 937 2188 dominici
962 2140 1191 2187 adventus
1215 2138 1441 2204 mysteria
1466 2137 1593 2183 vati-

163 2219 306 2266 cinati
326 2219 486 2283 sunt),
509 2220 686 2284 regiam
704 2219 940 2284 virginem
958 2218 1177 2274 Mariam,
1197 2217 1255 2265 de
1274 2216 1451 2263 familia
1470 2216 1593 2280 regis

162 2295 312 2343 David
328 2307 503 2355 ortam,
523 2297 581 2344 de
599 2297 763 2343 multis
780 2296 993 2343 millibus
1009 2313 1155 2342 unam
1171 2294 1329 2359 elegit,
1352 2293 1592 2341 omnium-

165 2392 258 2439 que
282 2375 517 2421 virtutum
552 2376 688 2439 copia
719 2375 925 2440 gloriose
959 2375 1234 2440 insignitam
1268 2372 1357 2420 sibi
1391 2382 1595 2419 matrem

164 2453 338 2500 effecit.
373 2451 617 2500 Generosa
650 2454 785 2519 virgo
815 2455 1054 2501 virtutum
1089 2452 1306 2518 insigniis
1336 2451 1593 2510 adornata,

166 2530 339 2595 Joseph
360 2533 491 2595 justo
505 2530 736 2578 divinitus
764 2531 1071 2596 desponsata,
1100 2549 1122 2576 a
1149 2528 1373 2576 Gabriele
1391 2527 1597 2575 archan-

167 2608 273 2671 gelo
295 2608 489 2655 salutata
506 2646 518 2666 ‚
546 2609 604 2656 de
631 2610 816 2674 Spiritu
840 2610 1016 2656 Sancto
1046 2609 1355 2673 impraegnata
1371 2643 1387 2663 ,
1413 2606 1597 2654 deside—

171 2696 327 2732 ratum
355 2690 539 2734 cunctis
557 2688 779 2751 gentibus
797 2688 1086 2736 Salvatorcm
1105 2724 1116 2743 ,
1143 2704 1284 2751 quem
1307 2687 1407 2732 sine
1426 2683 1600 2730 delicto
