1738 3043
272 329 344 366 199.
631 325 874 363 HISTORIA
903 325 1307 363 ECCLESIASTICA.

330 405 565 452 Vns-riom
617 407 852 468 majorum
899 416 1175 470 prosecutus
1192 441 1205 462 ,
1249 404 1676 470 chronographiam

268 484 473 530 scribere
493 483 666 530 tentavi
686 519 697 538 ‚
714 485 906 548 jamque
933 483 979 528 in
1009 484 1166 547 primo
1189 482 1510 529 ecclesiasticae
1537 481 1680 532 histo-

268 563 350 607 riar
367 561 490 607 libro
515 560 687 607 lineam
710 560 995 606 narrationis
1010 559 1067 605 ab
1089 559 1414 607 incarnatione
1429 560 1679 608 Salvatoris

270 637 512 693 inchoavi,
540 648 586 683 et
611 654 696 700 per
718 636 885 683 seriem
913 637 1253 700 imperatorum
1278 646 1325 682 et
1347 653 1512 701 regum
1535 654 1681 702 usque

271 717 319 763 in
354 715 638 763 hodiernum
671 715 792 761 diem
829 714 1057 778 perduxi,
1092 732 1188 780 qno
1225 716 1429 762 Joannes
1460 726 1682 780 augustus

269 793 418 839 Alexii
445 792 569 838 filius
605 802 775 855 prfeest
802 791 1248 855 Constantinopoli,
1283 790 1533 838 Lotharius
1569 807 1682 838 vero

270 869 831 917 dominaturAlemannis
853 905 864 924 ,
889 869 1153 915 Lndovicus
1175 870 1392 926 Francis,
1419 868 1684 933 Stephanus

270 949 457 1013 Anglis,
486 959 532 994 et
552 949 789 1011 Remigius
813 947 1160 994 ex-monaclius
1180 948 1397 1012 Hispanis
1423 947 1517 1011 (i).
1545 946 1685 994 Nunc

272 1036 427 1071 autem
450 1025 496 1070 in
517 1023 749 1080 secundo,
772 1024 1025 1070 auxiliante
1055 1024 1177 1082 Deo,
1210 1024 1267 1070 (le
1293 1024 1464 1070 sanctis
1490 1033 1686 1087 aposto-
1725 1038 1729 1042 ’

273 1102 328 1147 lis
368 1111 414 1147 et
446 1100 714 1164 apostolicis
750 1101 862 1145 *iris
892 1118 915 1145 a
947 1099 1111 1164 priscis
1147 1098 1424 1148 doctoribus
1457 1099 1604 1156 edita,
1639 1109 1688 1146 et

273 1179 331 1225 ab
342 1177 653 1242 antigraphis(
664 1179 709 1242 2)
722 1178 894 1241 scripta
913 1177 1186 1234 considero3
1203 1187 1431 1225 eteorum
1445 1188 1570 1243 gesta
1585 1177 1688 1225 bre·

272 1257 395 1303 riter
420 1273 674 1319 congerere
701 1265 872 1320 appeto
891 1291 903 1312 ,
931 1265 1079 1320 prout
1097 1255 1244 1302 divini
1265 1256 1458 1320 spiritus
1472 1254 1690 1303 mihimet

274 1333 565 1379 intimaverit
600 1333 865 1395 inspiratio.
914 1334 981 1379 De
1020 1331 1332 1396 pontificibus
1362 1332 1599 1389 romanis,
1641 1342 1690 1379 et

275 1429 439 1458 eorum
467 1412 514 1457 in
542 1412 678 1458 vinea
702 1409 907 1458 Sabaoth
936 1409 1326 1474 cooperatoribus
1368 1409 1486 1458 libet
1522 1411 1690 1458 seriem

273 1488 527 1553 diligenter
560 1489 870 1551 perscrutari,
910 1499 955 1535 et
989 1488 1140 1534 veraci
1179 1487 1304 1552 stylo
1338 1487 1474 1535 sociis
1498 1487 1544 1534 id
1565 1505 1590 1534 a
1614 1504 1691 1535 me

272 1564 578 1629 poscentibus
603 1564 801 1628 profari.
835 1563 1083 1610 Antistites
1116 1582 1285 1628 nempe
1313 1564 1499 1611 romani
1529 1582 1553 1610 a
1578 1563 1692 1611 bea-

276 1643 457 1689 tissimo
476 1643 640 1699 Petro,
672 1643 743 1688 cui
770 1643 991 1706 primitus
1015 1642 1198 1688 dictum
1214 1653 1283 1688 est
1306 1660 1329 1688 a
1349 1643 1558 1690 Domino
1583 1643 1693 1690 Jesu

276 1718 467 1767 Christo
492 1740 501 1764 :
535 1719 647 1764 Tibi
668 1719 796 1765 (labo
822 1719 978 1765 claves
1006 1720 1144 1783 regni
1169 1719 1394 1765 coelorum
1406 1757 1422 1777 ,
1455 1735 1603 1783 usque
1635 1717 1693 1765 ad

277 1797 614 1843 Innocentium
661 1814 856 1860 papam,
894 1797 975 1861 qui
1017 1805 1188 1859 praeest
1229 1794 1368 1844 hodie
1418 1795 1692 1860 apostolicae

276 1874 397 1931 sedi,
423 1891 528 1920 cxm
559 1883 916 1938 computantur.
944 1875 1011 1920 De
1040 1872 1109 1919 his
1138 1871 1386 1930 omnibus,
1409 1890 1619 1938 quorum
1643 1873 1694 1919 in

276 1952 415 2016 gestis
435 1950 720 2015 pontificum
739 1951 912 1997 inserta
937 1961 1005 1998 est
1021 1951 1205 1998 mentio
1221 1986 1235 2007 ‚
1263 1951 1312 1997 in
1333 1951 1548 2016 sequenti
1566 1949 1694 1998 libro

278 2029 455 2095 aliquid
478 2029 724 2094 propalare
744 2039 966 2093 peropto.

280 2196 440 2232 tendi-ait
456 2198 474 2231 a
495 2208 652 2243 prouver
668 2207 740 2244 que
758 2202 851 2231 cette
870 2195 986 2242 partie
1009 2194 1061 2230 du
1083 2193 1284 2229 manuscrit
1307 2204 1354 2228 ne
1377 2192 1614 2228 remonterait
1631 2204 1694 2240 pas

280 2255 428 2291 au-dela
446 2255 491 2290 de
515 2258 614 2297 ¹¹4¹·

325 2315 375 2359 (ι)
398 2315 488 2349 Jean
507 2313 694 2349 Cornnene
720 2325 740 2347 a
758 2313 868 2359 regne
885 2311 1015 2359 depuis
1041 2311 1074 2345 le
1103 2310 1141 2345 15
1160 2310 1246 2345 amit
1272 2309 1543 2357 1118jnsqu’au
1568 2309 1589 2346 8
1606 2309 1695 2346 avril

286 2371 385 2414 1143.
414 2373 459 2406 Le
477 2383 701 2418 personnage
718 2383 790 2417 que
815 2378 919 2405 notre
943 2377 1072 2405 auteur
1090 2369 1229 2417 appelle
1252 2368 1377 2413 Remi,
1398 2369 1454 2404 roi
1471 2368 1692 2417 d'Espagne‚

280 2438 335 2465 est
355 2430 501 2465 Ramire
520 2431 571 2471 ΙΙ,
594 2431 646 2464 roi
662 2429 864 2476 d³Aragon‚
884 2431 1094 2464 sui-nomme
1109 2442 1153 2465 en
1172 2429 1255 2464 effet
1268 2429 1300 2465 le
1319 2429 1463 2473 Moine,
1484 2441 1590 2476 parce
1605 2428 1696 2478 qu’il

280 2491 337 2526 sut
354 2491 425 2524 tire
448 2489 534 2523 d‘un
554 2496 708 2524 couvent
726 2491 829 2535 apres
852 2488 884 2523 la
908 2496 1005 2524 mort
1029 2489 1073 2524 de
1098 2501 1161 2524 son
1185 2489 1279 2524 frere
1303 2501 1397 2537 pour
1419 2496 1564 2524 monter
1581 2501 1643 2524 sur
1659 2488 1694 2525 le

281 2550 406 2591 trime,
423 2548 511 2596 qu'il
529 2561 664 2593 occupa
681 2548 849 2596 jusqu'en
881 2547 979 2596 1137.
999 2549 1103 2584 Cette
1121 2548 1331 2584 conclusion
1350 2562 1369 2583 a
1386 2550 1444 2584 ete
1461 2549 1573 2584 ecrite
1590 2554 1694 2583 entre

282 2610 314 2644 le
331 2616 619 2645 conronnement
636 2601 828 2644 d'sstienne
846 2607 910 2647 (26
924 2608 1115 2643 decembre
1137 2607 1244 2654 1155)
1258 2615 1294 2644 et
1311 2608 1345 2644 la
1367 2607 1531 2644 nouvelle
1544 2607 1589 2643 de
1604 2606 1693 2642 l’ab-

282 2668 441 2703 dication
457 2667 501 2702 de
518 2666 676 2710 Eamne,
695 2668 787 2702 aussi
804 2668 887 2702 bien
907 2680 978 2715 que
992 2667 1036 2702 de
1050 2667 1083 2702 la
1097 2674 1194 2703 mort
1209 2667 1254 2702 de
1269 2667 1438 2702 Lothaire
1452 2668 1488 2711 (4
1501 2665 1693 2702 decembre

289 2741 298 2762 ι
313 2726 406 2776 137),
426 2739 491 2773 par
509 2728 731 2773 consequent
748 2733 876 2774 quatre
898 2738 961 2761 ans
981 2727 1135 2762 environ
1153 2733 1259 2761 avant
1274 2724 1326 2760 les
1339 2724 1434 2760 deux
1451 2723 1693 2772 paragraphes

284 2787 516 2834 precedents‚
535 2787 599 2834 qui
617 2794 682 2822 ont
698 2788 755 2821 ete
773 2785 964 2821 intercales
982 2786 1063 2833 plus
1082 2785 1176 2820 tard.

332 2848 378 2890 su)
404 2845 655 2892 Antigraphus
673 2860 678 2878 z
699 2847 862 2892 scriptor,
880 2845 1137 2880 cancellarius.
1153 2843 1246 2878 Duc.
1271 2842 1391 2878 Gloss.
