1738 3043
223 251 302 290 244
593 247 837 286 HISTORIA
867 247 1269 286 ECCLESIASTICA.

227 330 371 376 tionis
411 328 543 392 prius
585 326 633 372 in
675 318 944 383 Judaismo‚‘
979 336 1027 373 et
1060 325 1368 390 postmodum
1409 327 1457 373 in
1493 327 1640 392 gratia

222 406 398 454 Christi
436 406 672 451 rationem
704 404 886 468 optimc
915 404 1138 451 reddidit.
1172 404 1447 453 Admodum
1469 404 1553 453 illo
1574 423 1642 452 sa-

222 487 406 549 pienter
437 485 692 549 loquente,
723 482 873 530 Judaei
901 484 997 529 vim
1028 481 1287 530 verborum
1317 485 1416 548 ejus
1446 500 1546 531 non
1571 482 1643 531 fe-

221 575 397 621 1·enteS‚
418 561 664 610 vociferati
683 572 813 617 sunt,
832 571 879 608 et
898 561 1109 609 furentes
1128 561 1453 609 clamaverunt
1472 579 1483 606 ε
1506 561 1644 608 Tolle

223 643 284 690 cle
307 654 432 690 terra
456 641 718 707 ejusmod1‘5
746 658 843 687 non
863 639 1086 703 enimsas
1110 651 1178 688 est
1200 658 1308 687 elim
1333 641 1503 688 vivere.
1531 641 1644 686 Tri-

224 718 381 766 bunus
420 735 534 783 ergo
565 718 706 782 jussit
742 735 851 764 eum
890 718 939 763 in
975 727 1122 763 castra
1157 715 1316 763 induci
1357 727 1406 764 et
1448 716 1643 781 flagellis

222 797 339 844 eaedi
373 807 514 862 atque
538 796 772 861 torqueri.
809 796 948 842 Tunc
976 795 1146 841 Paulus
1171 795 1341 841 astanti
1367 793 1455 840 sibi
1482 804 1643 842 centu-

221 876 347 924 rioni
386 876 451 921 ait
488 894 498 918 τ
545 875 599 921 Si
631 874 870 921 hominem
911 890 1193 931 romanum,
1234 885 1277 919 et
1315 873 1641 920 indemnatum

221 953 330 1001 licet
348 950 797 1017 vobi'sssagellare?
819 949 1066 997 Tribunus
1092 951 1250 1015 itaque
1274 961 1525 1016 postquam
1546 968 1644 998 res-

219 1030 333 1076 civit
372 1030 482 1094 quia
528 1029 642 1074 civis
682 1045 907 1075 romanus
953 1037 1104 1084 esset,
1156 1028 1318 1073 timuit
1363 1027 1494 1092 quod
1536 1045 1645 1075 eum

222 1108 406 1171 ligasset
431 1108 526 1171 (1).

283 1185 476 1231 Postera
502 1183 579 1230 die
606 1183 777 1230 Paulus
811 1184 858 1229 in
892 1182 1152 1230 concilium
1181 1182 1443 1246 productus
1473 1193 1570 1243 est,
1598 1193 1646 1230 et

221 1273 347 1309 stans
377 1262 426 1308 in
454 1260 614 1309 medio
640 1259 992 1308 rationabiliter
1014 1277 1105 1324 pro
1130 1277 1177 1307 se
1201 1260 1390 1308 locutus
1413 1270 1500 1308 est.
1522 1260 1647 1308 Ana-

221 1340 322 1386 nias
359 1350 516 1387 autem
550 1339 773 1403 princeps
803 1337 1102 1385 sacerdotum
1132 1337 1364 1402 praecepit
1385 1336 1646 1385 astantibus

221 1417 335 1474 sibi,
367 1427 618 1482 percutere
649 1433 702 1464 os
732 1419 848 1480 ejus.
882 1417 1022 1462 'Rmc
1051 1415 1224 1462 Paulus
1256 1415 1312 1462 ad
1348 1432 1456 1463 eum
1490 1415 1641 1462 dixit:

222 1495 466 1541 Percutiet
489 1506 532 1540 te
559 1495 827 1552 Dominus,
848 1494 1018 1559 paries
1048 1492 1297 1549 dealbate,·
1321 1504 1366 1539 et
1399 1504 1448 1540 ta
1476 1493 1646 1541 sedens

212 1573 412 1638 judicas
437 1590 511 1618 me
533 1571 799 1619 secundum
833 1571 1014 1635 legem,
1049 1582 1093 1616 et
1126 1581 1295 1617 eontra
1333 1571 1484 1634 legem
1499 1571 1646 1636 jubes

222 1672 294 1700 me
310 1653 519 1718 percuti.
544 1651 762 1697 Astantcs
786 1666 900 1697 vero
919 1649 1146 1697 dixerunt
1169 1667 1178 1693 :
1203 1648 1458 1697 Summum
1481 1667 1646 1698 saeer-

222 1733 380 1779 dotem
413 1731 511 1777 Dei
542 1729 797 1776 maledicis
808 1727 835 1775 P
858 1728 990 1775 Dixit
1020 1737 1180 1775 autem
1203 1727 1375 1774 Paulus
1399 1749 1409 1774 ε
1437 1728 1645 1777 Nescie-

223 1807 359 1862 bam,
366 1806 580 1868 fratres,
605 1804 722 1867 quia
738 1805 970 1868 princeps
995 1811 1116 1848 esset
1138 1800 1459 1848 sacerdotum.
1486 1801 1645 1867 Scrip-

223 1896 318 1929 lum
336 1894 404 1929 est
417 1883 567 1928 enim:
588 1882 867 1945 Principem
879 1880 1057 1946 populi
1073 1880 1147 1925 ίιιί
1161 1897 1259 1926 non
1275 1879 1538 1927 maledices
1551 1881 1640 1944 (2).

222 1962 383 2007 Sciens
416 1959 587 2006 Paulus
620 1959 728 2023 quia
763 1976 856 2004 una
887 1975 994 2022 pars
1029 1968 1147 2005 esset
1178 1957 1562 2015 sadducaeorum,
1584 1969 1646 2006 et

223 2040 367 2086 altera
409 2036 780 2102 pharisaeorum,
824 2036 1103 2083 exclamavit
1146 2035 1194 2081 in
1235 2035 1442 2083 concilio
1480 2056 1491 2082 :
1533 2037 1646 2084 Viri

207 2118 421 2178 siniret,
449 2132 538 2179 ego
567 2115 842 2180 pliarisa’us
871 2132 1002 2171 sum,
1013 2113 1158 2179 filius
1172 2113 1544 2179 pharisaeoram.
1570 2115 1647 2160 De

223 2212 309 2258 spe
335 2204 378 2239 ec
400 2194 743 2239 resurreetione
766 2203 1061 2237 mortuorum
1089 2209 1180 2255 ego
1197 2191 1418 2255 judicor.
1448 2190 1531 2236 His
1551 2190 1646 2237 dic-

226 2271 307 2326 tis,
342 2270 569 2316 dissensio
601 2269 726 2315 inter
758 2278 913 2332 partes
943 2267 1064 2314 sacta
1094 2278 1164 2315 est
1193 2278 1240 2315 ct
1270 2267 1535 2316 multitudo
1567 2286 1645 2316 so-

225 2346 318 2392 luta
351 2356 435 2391 est.
471 2345 713 2391 Sadducaei
747 2357 905 2392 autem
937 2345 1105 2392 dieunt
1141 2363 1240 2393 non
1275 2363 1371 2393 esse
1410 2363 1645 2394 resurrec-

224 2426 431 2479 tionem,
470 2441 626 2487 neque
659 2424 906 2487 angelum,
949 2442 1104 2489 neque
1139 2425 1383 2489 spiritum;
1425 2424 1641 2489 pliarisaei

224 2520 335 2547 xero
381 2510 637 2564 utrumque
684 2501 993 2548 confitentur.
1046 2502 1249 2561 Quidam
1296 2502 1641 2567 pharisaeorum

267 2761 315 2801 ξι)
343 2759 424 2791 Act.
449 2764 564 2801 apost,
588 2769 655 2794 λυ,
685 2757 1377 2803 1!0-xwi‚·1.9.(58.)-—(2)Exod.xxn,
1402 2758 1456 2793 28.
