1738 3043
655 264 808 303 LIBER
840 265 1049 304 PRIMUS.
1492 269 1565 306 133

138 344 299 391 fratris
331 346 430 401 sui,
466 362 575 391 cum
598 362 696 409 quo
731 344 912 391 bellum
944 347 1143 403 inierat,
1184 348 1365 393 occisus
1390 358 1491 404 est3
1520 358 1566 394 ct

139 422 474 470 Childebertus
497 422 622 469 filius
650 424 748 486 ejus
771 422 925 470 adhuc
958 425 1211 488 puerulus,
1247 443 1355 472 cum
1389 426 1567 472 Bruui-

138 500 292 548 childe
310 511 461 548 matre
475 519 553 547 sua
568 536 581 557 ,
606 517 809 565 regnum
826 502 974 565 patris
985 501 1040 547 ad
1057 503 1319 567 regendum
1340 505 1564 569 suscepit,

137 590 184 626 et
203 596 298 626 xxv
318 580 455 626 annis
478 579 695 643 regnavit
719 580 812 643 (ι).

201 659 415 705 Justinus
439 658 602 704 minor
633 659 769 704 annis
808 675 875 705 xl.
911 658 1080 707 Narses
1103 661 1330 724 patricius
1355 662 1566 709 Totilam

136 754 295 802 regem
327 735 600 784 Gothorum
632 736 679 782 in
719 736 849 783 ltalia
883 738 1125 802 superavit
1160 749 1207 785 et
1246 739 1439 786 occidit.
1472 740 1564 800 Qui

133 814 304 862 deinde
328 832 414 879 per
445 815 673 861 invidiam
706 816 1061 874 Romanorum,
1094 835 1184 882 pro
1209 817 1382 883 quihus
1416 819 1566 865 multa

135 908 303 944 contra
329 896 515 946 Gothos
540 896 864 956 laboraverat,
891 910 1133 946 accusatus
1161 900 1287 964 apud
1323 901 1567 947 Justinum

133 985 179 1023 et
224 977 476 1041 conjugem
519 978 616 1041 ejus
651 976 880 1040 Sophiam
915 977 1046 1043 quod
1087 978 1282 1026 servitio
1323 990 1565 1043 premeret

131 1052 340 1110 Italiam,
359 1053 546 1101 secessit
563 1053 815 1117 Neapolim
836 1055 1108 1118 Campaniae
1124 1091 1136 1112 ,
1166 1066 1212 1102 et
1229 1056 1418 1120 scripsit
1434 1057 1565 1120 genti

133 1130 559 1196 Langobardorum
595 1143 651 1178 ut
684 1133 908 1180 venirent
939 1143 985 1179 et
1018 1133 1316 1197 possiderent
1359 1133 1560 1180 ltaliam.

130 1209 336 1256 Joanncs
368 1228 486 1274 papa
536 1210 780 1256 ecclesiam
809 1210 1139 1274 apostolorum
1169 1210 1375 1275 Philippi
1412 1222 1458 1259 et
1486 1212 1565 1258 Ja-

132 1285 268 1342 cobi,
298 1304 441 1352 quam
471 1286 789 1350 praedecessor
817 1289 913 1351 ejus
939 1287 1152 1353 Pelagius
1178 1298 1419 1352 coeperat,
1448 1288 1563 1336 fecit

130 1376 176 1411 et
195 1365 445 1412 dedicavit.
469 1367 607 1412 Tunc
633 1365 885 1413 bellicosus
907 1365 1114 1423 Alboin‚
1137 1365 1353 1413 Audonis
1377 1368 1563 1432 Lango-

130 1443 391 1491 bardorum
414 1445 537 1506 regis
568 1443 720 1500 filius,
754 1445 811 1491 de
835 1444 1081 1490 Pannonia
1114 1444 1161 1490 in
1187 1444 1369 1490 Italiam
1397 1445 1557 1504 venit,

128 1539 326 1587 eamque
344 1521 655 1586 permittente
672 1520 866 1568 Narsete
889 1521 1095 1585 patricio
1113 1538 1223 1568 cum
1239 1521 1446 1569 Guinilis
1466 1524 1560 1570 suis

129 1598 343 1647 obtinuit
364 1601 455 1664 (2).

194 1677 415 1726 Tiberius
447 1679 793 1727 Constantinus
829 1682 965 1728 annis
1013 1698 1102 1729 vn.
1140 1681 1402 1747 Gregorius
1441 1692 1558 1729 tunc

127 1757 458 1821 apocrisiarius
507 1758 553 1804 in
611 1758 1113 1824 Constantinopolim,
1161 1771 1270 1825 post
1330 1778 1558 1808 romanus

127 1835 402 1900 episcopus,
431 1835 581 1883 libros
615 1838 927 1900 expositionis
954 1839 1003 1884 in
1030 1837 1122 1886 Job
1151 1838 1342 1896 condit,
1372 1850 1420 1886 et
1454 1840 1559 1886 Eu-

128 1913 298 1959 ticinm
323 1912 530 1976 ejusdcm
547 1913 679 1959 urbis
704 1915 980 1978 episcopum
1008 1916 1056 1961 in
1082 1915 1174 1962 fide
1198 1926 1376 1963 nostrae
1401 1934 1557 1963 resur-

127 1991 355 2038 rectionis
389 2008 591 2045 errasse,
638 1991 837 2039 Tiberio
868 2004 1104 2056 praesente
1131 1994 1368 2050 convicit;
1410 1996 1470 2040 ita
1501 2006 1555 2041 ut

172 2197 223 2242 (ι)
250 2197 296 2231 La
315 2196 607 2231 trente-sixicme
626 2197 741 2230 annee
765 2195 810 2230 de
827 2195 1010 2230 Justinien
1035 2195 1175 2242 repond
1194 2197 1213 2229 ἐι
1230 2194 1412 2239 soa-565,
1435 2198 1555 2233 tundis

126 2266 198 2303 que
215 2255 385 2303 Sigebert
399 2255 455 2290 sut
470 2255 644 2290 assassine
661 2267 706 2289 en
719 2253 801 2304 575.
820 2254 1056 2297 childebert,
1075 2255 1128 2289 roi
1145 2254 1382 2300 d'Austrasic,
1404 2266 1554 2293 mourut

126 2327 171 2351 en
189 2315 277 2364 596,
299 2316 389 2351 dans
407 2316 439 2351 la
459 2317 657 2364 vingtieme
675 2318 790 2350 anne-c
809 2315 854 2350 dc
872 2328 936 2350 son
959 2316 1084 2362 ric-gno.

173 2377 223 2423 (9.)
248 2378 307 2423 (¹4
335 2377 532 2412 novembre
556 2376 699 2412 565-ι(Ὗ
724 2377 874 2412 octobre
899 2375 1001 2425 578).
1033 2377 1081 2411 La
1109 2375 1255 2411 bataille
1282 2376 1371 2411 dans
1399 2378 1555 2426 laquelle

127 2437 248 2472 Totila
273 2437 329 2472 sut
356 2439 485 2472 vaincu
513 2445 548 2472 ct
575 2439 637 2472 tu(-
657 2451 722 2484 par
741 2438 887 2472 l'arnice
906 2437 951 2472 de
972 2437 1124 2477 Karsos,
1151 2444 1215 2472 cut
1232 2437 1304 2472 lieu
1331 2450 1376 2473 au
1398 2441 1490 2475 mois
1508 2440 1553 2475 de

122 2497 205 2543 juin
223 2497 305 2534 552.
326 2499 458 2533 §arses
475 2511 511 2533 se
530 2499 642 2533 retira
660 2501 677 2533 a
699 2499 831 2545 Naples
850 2511 896 2533 cn
913 2497 996 2546 567,
1015 2499 1132 2532 rex-int
1150 2500 1168 2532 a
1191 2497 1324 2541 Rome,
1347 2506 1382 2533 et
1402 2509 1553 2536 moui-ut

124 2555 159 2592 la
174 2557 291 2592 meme
307 2559 434 2593 annee.
457 2557 485 2591 ΙΙ
502 2565 556 2592 est
571 2557 655 2591 saux
673 2570 745 2605 quc
763 2557 812 2591 les
829 2557 1027 2592 Lonibards
1046 2557 1143 2590 aient
1157 2557 1287 2591 oux-ahi
1306 2557 1434 2593 l'Italie
1452 2561 1470 2593 ἐι
1488 2572 1552 2594 son

126 2616 354 2665 instigation.
366 2618 471 2653 Cette
483 2618 643 2652 invasion
656 2624 710 2651 est
720 2616 770 2650 du
784 2618 875 2651 mois
886 2616 1012 2650 d'avril
1022 2614 1104 2660 568,
1120 2624 1156 2651 ct
1167 2617 1199 2651 la
1211 2618 1307 2664 prise
1320 2617 1364 2652 :le
1378 2619 1488 2653 Milan
1502 2620 1551 2653 ‹lu

129 2678 149 2718 4
163 2677 368 2723 septembre
385 2676 467 2725 569.
493 2678 694 2712 Guim'liou
719 2676 846 2711 ll'inili
860 2683 913 2711 est
931 2676 962 2710 le
979 2689 1064 2711 noni
1085 2676 1246 2722 primitis
1259 2676 1322 2711 des
1338 2678 1549 2713 Lmnlun‘dm

132 2733 283 2777 Alboin,
305 2737 368 2784 qui
396 2736 446 2771 les
471 2737 565 2772 avait
586 2735 757 2771 conduits
780 2748 824 2770 en
851 2735 973 2779 Italic,
996 2742 1146 2770 mom-ut
1171 2734 1203 2769 lc
1228 2735 1272 2769 28
1289 2736 1371 2781 juin
1398 2735 1478 2783 *⁷²73-
1506 2738 1551 2769 11·

131 2793 318 2838 pontificat
337 2794 381 2829 dc
399 2797 487 2830 Jcan
508 2795 562 2829 lII
576 2824 584 2838 ‚
606 2795 669 2842 qui
689 2795 820 2829 aclicxa
839 2794 975 2841 l'issglisc
995 2794 1040 2829 dc
1062 2793 1357 2840 saint-Philippu
1374 2802 1409 2829 ct
1429 2795 1526 2828 Sam·
1540 2817 1550 2822 -

128 2854 298 2900 JacqucS‚
320 2854 371 2890 sut
393 2855 437 2890 de
455 2856 565 2892 trcizc
586 2868 646 2891 ans
667 2855 725 2899 (19
741 2855 859 2901 juillet
882 2854 1019 2891 560-13
1038 2854 1153 2899 juillet
1174 2852 1268 2900 573).
