1738 3043
584 173 738 212 LlBER
767 174 1047 213 SECUNDUS.
1461 183 1540 219 359

111 249 315 314 claviger
363 251 496 314 regni
545 250 781 297 coelorum
835 252 881 298 in
937 254 1199 318 ngyptum
1253 254 1536 314 destinavit;

110 338 159 375 et
191 327 439 374 meridiani
480 328 680 374 climatis
719 329 1041 393 principatum
1077 330 1132 378 ad
1168 333 1429 380 multarum
1467 352 1541 381 sa-

113 405 260 452 lutem
293 406 562 452 animarum
594 406 850 453 commisit.
880 407 1190 455 venetiarum
1226 410 1460 477 indigenae
1493 423 1542 459 et

113 483 429 531 occidentales
455 484 619 549 populi
649 483 812 532 habito
843 502 1046 551 corpore
1075 485 1200 536 beati
1228 491 1541 556 Evangelistae

110 561 437 626 gratulantum
460 572 508 609 et
532 561 854 610 indesinenter
878 563 995 611 illud
1018 564 1075 612 ad
1098 565 1282 614 laudem
1299 569 1542 634 cunctipo-

112 640 255 687 tentis
283 640 366 687 Dei
388 650 694 698 venerantur,
720 640 1026 705 deprecantes
1055 654 1110 689 ut
1136 644 1183 690 in
1210 645 1412 710 collegio
1432 645 1544 694 bea-

112 729 273 765 torum
303 717 569 782 computari
599 718 647 764 in
673 729 911 766 aeternum
939 731 1232 768 mereantur.
1261 721 1414 770 Amen
1444 725 1538 788 (1).

178 795 312 845 XVI.
348 797 494 843 Lucas
514 797 840 863 Evangelista‚
868 798 1064 847 natione
1093 799 1268 865 Syrus,
1294 802 1419 865 apud
1444 802 1546 849 An-

114 873 340 922 tiochiam
382 874 632 923 medicinae
677 877 792 923 artis
837 878 1076 942 egregius,
1126 888 1173 925 et
1213 879 1546 943 apostolorum

112 951 290 999 Christi
315 952 601 1017 discipulus,
623 964 785 1019 postea
811 972 960 1021 usque
983 954 1041 1001 ad
1065 955 1418 1006 confessionem
1436 959 1546 1005 Pau-

112 1029 213 1076 lum
263 1030 535 1094 apostolum
580 1043 797 1089 secutus,
852 1033 953 1079 sine
1010 1033 1212 1080 crimine
1259 1052 1547 1099 permanens

115 1109 165 1154 in
191 1108 494 1173 virginitate,
519 1110 730 1157 Domino
748 1110 918 1156 maluit
941 1111 1133 1158 servire.
1158 1112 1247 1158 Hic
1270 1111 1437 1161 divino
1462 1114 1546 1160 sti-

113 1185 321 1233 mulatus
367 1188 594 1252 imperio,
647 1188 696 1235 in
740 1187 930 1235 Achaiae
973 1188 1191 1253 partibus
1231 1190 1548 1256 Evangelium

114 1265 331 1329 scripsit,
370 1267 650 1332 Graecisque
686 1266 904 1314 fidelibus
937 1267 1318 1315 incarnationem
1352 1269 1548 1317 Domini

116 1343 242 1392 fideli
268 1345 543 1392 narratione
560 1345 798 1403 ostendit,
823 1344 1138 1411 eumdemque
1155 1345 1212 1393 de
1232 1346 1378 1412 stirpe
1397 1346 1547 1394 David

114 1423 406 1471 descendisse
436 1425 741 1471 monstravit.
771 1423 952 1471 Deinde
979 1424 1128 1471 alium
1161 1423 1341 1471 librum
1367 1427 1549 1490 specia—

116 1500 211 1548 lem
244 1500 418 1558 edidit,
462 1503 510 1548 in
549 1519 647 1567 quo
677 1513 807 1548 actus
837 1502 1168 1566 apostolorum
1204 1513 1251 1549 et
1284 1503 1549 1567 primordia

117 1580 353 1628 nascentis
377 1580 602 1628 Ecclesiae
627 1580 896 1628 luculenter
922 1580 1204 1628 enucleavit.
1233 1581 1311 1628 Sic
1334 1582 1551 1647 geminos

118 1658 266 1704 Lucas
290 1657 562 1723 Theophilo
579 1697 590 1718 ,
616 1658 661 1705 id
687 1668 757 1706 est
780 1660 935 1706 Deam
958 1658 1212 1723 diligenti,
1239 1657 1390 1706 libros
1424 1676 1549 1707 con-

116 1733 262 1792 didit,
290 1736 569 1800 cunctisque
592 1737 780 1801 gemina
806 1736 1035 1783 charitate
1059 1735 1372 1801 flagrantibus
1397 1736 1552 1801 inspi-

117 1823 254 1860 rante
280 1814 465 1878 Spiritu
493 1815 670 1861 Sancto
693 1812 928 1862 exhibuit.
960 1815 1012 1860 In
1037 1814 1190 1878 priori
1215 1815 1394 1878 quippe
1421 1813 1550 1861 libro

117 1909 286 1939 verum
314 1891 490 1938 Christi
516 1892 833 1941 sacerdotium
856 1892 1128 1956 descripsit,
1152 1909 1251 1958 quo
1275 1892 1439 1957 Agnus
1464 1894 1549 1941 Dei

120 1970 331 2035 pretioso
358 1970 584 2035 sanguine
611 1971 760 2018 effuso
786 1970 952 2017 mundi
980 1971 1221 2035 piaculum
1245 1972 1468 2035 expiavit.
1496 1972 1550 2018 ln

120 2049 337 2115 sequenti
352 2066 466 2097 vero
482 2047 824 2096 sublimitatem
839 2048 1090 2096 ineffabilis
1104 2048 1290 2096 deitatis
1303 2049 1552 2115 depromp-

168 2278 220 2324 (ι)
245 2277 307 2313 On
327 2278 421 2312 croit
439 2290 511 2325 quc
530 2277 624 2312 saint
646 2278 744 2313 Marc
762 2278 818 2313 fut
838 2279 973 2325 envoye
991 2290 1056 2325 par
1078 2278 1172 2312 saint
1196 2278 1321 2313 Pieri-c
1346 2291 1440 2325 pour
1457 2291 1550 2327 gou-

123 2352 254 2374 verner
270 2338 406 2385 l’eglise
420 2337 676 2373 d‘Alcxandrie
697 2351 775 2373 vers
793 2338 933 2373 l'anne'c
947 2337 1012 2381 52,
1033 2344 1070 2373 et
1087 2337 1176 2385 qu’il
1196 2351 1218 2384 y
1242 2337 1385 2373 soull'rit
1402 2338 1436 2374 le
1453 2352 1553 2375 mar-

125 2406 205 2446 tyre
223 2399 312 2434 dans
327 2399 357 2433 la
377 2398 556 2433 linitieme
574 2400 689 2433 annee
707 2398 758 2433 du
780 2400 892 2446 regne
906 2398 951 2433 dc
971 2398 1115 2442 Neron,
1136 2397 1170 2433 lc
1187 2396 1231 2433 25
1248 2398 1338 2433 avril
1356 2398 1414 2434 62.
1437 2400 1552 2435 Bon-c

124 2467 257 2495 auteur
268 2466 323 2494 est
337 2458 411 2493 l'un
425 2457 488 2492 dcs
506 2457 587 2505 plus
600 2459 746 2493 anciens
764 2459 827 2506 qui
842 2459 940 2494 aient
954 2459 1076 2505 ajoute
1093 2458 1142 2494 soi
1160 2460 1179 2494 a
1198 2471 1234 2493 sa
1248 2459 1452 2506 pretendue
1467 2461 1553 2495 mis-

125 2520 205 2555 sion
224 2522 244 2554 ἐι
263 2518 431 2567 Aquilee.
453 2520 579 2564 Quant
597 2531 665 2553 aux
683 2518 812 2554 details
830 2531 903 2553 non
928 2520 1047 2553 moins
1071 2518 1302 2554 visiblement
1325 2520 1552 2566 apocryphes

124 2581 190 2627 qui
208 2586 291 2616 sont
309 2581 498 2628 rapportes
518 2580 562 2614 ici
580 2591 642 2614 sur
656 2579 707 2615 les
726 2581 993 2615 circonstances
1012 2578 1058 2614 de
1081 2591 1147 2614 son
1164 2580 1342 2627 apostolat
1362 2582 1381 2614 ἐι
1395 2580 1551 2615 Alexan-

126 2638 207 2674 drie
231 2646 267 2675 et
293 2639 339 2675 de
364 2651 428 2675 son
455 2646 637 2686 martyre,
659 2652 706 2674 on
732 2639 783 2675 les
809 2646 1017 2675 retrouvera
1045 2651 1128 2675 sous
1154 2652 1228 2675 une
1254 2639 1370 2674 forme
1399 2652 1553 2688 presque

128 2698 413 2746 completcment
431 2699 620 2748 identiquc
637 2699 726 2735 dans
743 2699 794 2735 les
813 2699 1071 2744 Bollandistcs,
1091 2706 1116 2733 t.
1141 2712 1148 2733 ι
1168 2698 1306 2734 d'avril.
