1738 3043
153 236 197 273 14
516 231 754 270 HISTORIA
788 229 1188 269 ECCLESIASTICA.

213 314 272 361 V.
311 314 440 360 Jesns
467 311 633 374 plenus
664 309 845 374 Spiritu
871 309 1044 356 Sancto
1077 327 1100 354 a
1126 307 1330 355 Jordane
1358 308 1405 353 in
1432 306 1564 354 Gali-

155 395 288 440 laeam
323 407 555 455 regressus
581 399 676 444 est,
706 386 867 452 ibique
902 387 1044 434 tertio
1077 385 1152 433 die
1188 404 1297 433 cum
1322 385 1562 450 discipulis

155 472 247 518 suis
267 469 321 516 ad
341 467 527 532 nuptias
552 467 599 513 in
625 465 781 512 Chana
809 474 1000 512 vocatus
1021 476 1106 511 est.
1137 463 1395 511 Deficiente
1418 463 1532 510 vino
1547 498 1561 520 ,

155 568 178 595 a
203 558 352 595 matre
389 555 605 609 rogatuS‚
637 561 714 591 sex
749 542 937 608 hydrias
972 559 1089 607 aqua
1122 542 1291 606 repleri
1324 542 1489 606 jussit,
1520 550 1566 588 et

155 637 387 674 mutatam
420 625 466 671 in
503 623 668 669 vinum
701 621 874 669 deferri
913 639 937 667 a
975 621 1204 667 ministris
1238 619 1568 667 architriclino

155 705 382 771 praecepit
407 703 499 765 (1).
535 702 638 749 Hoc
669 701 804 765 signo
828 699 1028 764 gloriam
1053 716 1185 745 suam
1211 698 1451 762 discipulis
1475 697 1569 744 suis

156 784 366 849 primum
389 779 729 834 manifestavit,
756 795 840 841 per
864 777 992 842 quod
1017 776 1440 824 commutationem
1463 792 1571 822 car-

158 862 276 909 nalis
303 858 569 906 intellectus
591 857 638 902 in
667 855 813 902 veteri
839 855 938 920 lege
968 854 1255 919 designavit,
1283 864 1329 901 et
1350 869 1437 918 per
1459 852 1573 917 Spi-

158 939 278 985 ritus
303 935 462 983 Sancti
495 933 692 998 gratiam
726 932 773 977 in
807 932 1069 978 novitatem
1092 931 1203 977 vitae
1229 928 1490 976 transtulit.
1515 928 1573 975 In

159 1015 399 1063 desertum
417 1030 438 1058 a
459 1010 640 1075 Spiritu
665 1009 838 1055 Sancto
862 1008 918 1055 ad
942 1025 1143 1073 agonem
1165 1007 1334 1054 ductus
1357 1016 1428 1054 est
1441 1025 1456 1065 ;
1482 1015 1532 1054 et
1547 1021 1575 1052 a

160 1094 351 1148 Satana,
377 1090 458 1155 qui
485 1087 729 1135 hominem
751 1083 1132 1150 incomparabilis
1156 1083 1354 1149 justitiae
1382 1082 1571 1141 videns,

162 1167 485 1217 admirabatur
500 1202 513 1223 ,
537 1174 744 1212 tentatus
762 1174 848 1211 est.
874 1162 1193 1227 Quadragenis
1208 1160 1372 1209 diebus
1391 1177 1444 1208 ac
1461 1176 1575 1208 noc·

162 1248 288 1296 tibus
299 1244 554 1311 jejunavit3
572 1252 619 1290 et
636 1242 718 1299 sic,
741 1259 826 1305 per
839 1240 1074 1305 jejunium
1091 1249 1139 1287 et
1153 1239 1421 1287 orationem
1434 1254 1578 1286 omne

163 1344 309 1393 genus
333 1322 685 1371 daemoniorum
706 1338 731 1366 a
755 1318 894 1366 bonis
915 1317 1200 1365 vincendum
1215 1353 1229 1375 ,
1254 1316 1472 1381 exemplo
1489 1315 1581 1364 do-

166 1406 264 1451 cuit
297 1403 390 1466 (2).
429 1399 667 1463 Antiquus
703 1414 892 1460 serpens
923 1397 1056 1460 gula,
1093 1405 1142 1442 et
1165 1412 1282 1441 vana
1315 1394 1498 1460 gloria,
1532 1403 1580 1442 et

168 1481 453 1546 cupiditate,
483 1475 656 1542 quibus
689 1475 900 1540 primum
925 1473 1074 1520 Adam
1107 1473 1368 1538 superavit,
1407 1489 1580 1520 secun-

167 1561 282 1607 dum
300 1556 609 1606 nihilominus
628 1553 777 1600 Adam
798 1553 1022 1609 tentavit;
1051 1551 1128 1600 sed
1147 1551 1205 1597 ab
1227 1552 1309 1599 illo
1328 1551 1582 1616 tripliciter

168 1638 319 1684 victus
344 1633 537 1698 refugit.
566 1632 630 1678 Et
653 1647 758 1677 ecce
793 1639 1086 1676 accesserunt
1117 1628 1296 1693 angeli,
1334 1638 1382 1675 et
1411 1627 1583 1674 minis-

171 1723 417 1762 traverunt
438 1711 560 1758 Filio
585 1710 667 1757 Dei
684 1745 696 1765 ,
723 1709 804 1773 qui
831 1708 1032 1754 victores
1057 1707 1240 1753 Satanae
1267 1706 1314 1753 in
1347 1705 1482 1753 coelis
1504 1721 1583 1752 re—

171 1789 441 1839 munerabit
465 1787 634 1853 gaudio
659 1786 875 1850 perenni.

237 1869 450 1916 Salvator
483 1883 592 1912 cum
623 1874 773 1910 matre
801 1872 848 1909 et
872 1859 1098 1907 fratribus
1121 1859 1454 1924 Capharnaum
1475 1857 1585 1906 des-

172 1947 358 2002 cendit,
381 1943 540 2008 ibique
560 1958 661 1988 non
682 1939 846 1986 multis
860 1936 1024 1984 diebus
1041 1938 1232 1983 mansit.
1261 1935 1392 1993 Inde,
1418 1951 1588 2001 appro-

171 2027 435 2091 pinquante
459 2019 629 2068 Pascha
647 2055 660 2077 ,
686 2016 1033 2081 Jerusolymam
1059 2014 1294 2073 ascendit,
1323 2024 1370 2061 et
1394 2014 1442 2060 in
1468 2024 1586 2062 tem-

171 2105 307 2169 plum
338 2101 549 2150 intravit.
571 2098 843 2147 Vendentes
871 2112 980 2143 oves
1004 2105 1051 2141 et
1078 2093 1220 2141 boves
1245 2104 1292 2140 et
1318 2091 1584 2151 columbas,

176 2193 223 2230 et
241 2178 586 2228 nummularios
606 2174 817 2223 sedentes
838 2173 887 2219 in
908 2171 1086 2236 templo
1106 2171 1314 2228 invenit,
1338 2179 1386 2218 et
1401 2169 1589 2236 fulgore

176 2259 361 2307 deitatis
383 2257 502 2303 mire
529 2254 728 2301 rutilans
750 2267 915 2299 omnes
939 2250 1074 2314 ejecit
1098 2249 1191 2312 (5).

243 2337 295 2381 ln
322 2334 396 2380 die
416 2333 536 2380 festo
554 2329 742 2379 Paschae
761 2328 900 2376 multi
925 2327 1073 2392 signa,
1094 2343 1201 2391 quae
1223 2325 1353 2372 Jesus
1369 2323 1586 2384 faciebat,

178 2413 401 2460 viderunt
424 2422 471 2458 et
496 2412 545 2458 in
565 2408 762 2457 nomine
784 2409 880 2471 ejus
901 2404 1224 2453 crediderunt.
1248 2403 1387 2450 Tunc
1410 2401 1591 2451 Nicho-

180 2491 342 2539 demus
358 2489 614 2554 pharisaeus
628 2523 640 2545 ,
657 2487 878 2552 princeps
893 2485 918 2531 J
922 2483 1168 2530 udaeorum
1181 2517 1194 2539 ‚
1215 2481 1346 2528 venit
1359 2479 1416 2527 ad
1432 2481 1591 2528 Jesum

227 2680 496 2725 (1)Joann.n‚
524 2689 617 2710 !-·11.
636 2695 675 2700 -—
693 2676 742 2719 (2)
759 2674 890 2710 Matth.
912 2685 956 2716 iv,
982 2685 1059 2707 1-11
1077 2686 1085 2714 ;
1106 2671 1218 2706 Marc.
1242 2682 1273 2713 ι,
1298 2666 1422 2711 12-13;
1438 2668 1524 2704 Luc.
1543 2679 1590 2708 ιν,

187 2739 318 2775 1⁴3-
354 2737 750 2781 (⁶3)Joann.11,i¹›.—17.
