1738 3043
615 197 768 236 LIBER
798 194 1006 236 PRIMUS.
1472 200 1521 238 31

104 282 179 330 vel
202 280 439 328 Dominus
456 279 755 332 misericors;
784 277 945 334 Maria,
969 293 1189 324 amarum
1209 295 1341 324 mare
1350 300 1370 332 ,·
1391 277 1525 343 Mag—

104 359 269 407 dalene
287 394 300 416 ,
335 359 576 404 tarrensis.
607 353 1089 418 Interpretationibus
1123 356 1378 403 nominum
1409 372 1525 402 suo-

105 454 215 484 rum
237 435 480 485 evidenter
511 432 836 498 depromitur,
868 431 1043 498 quihus
1074 433 1402 499 praerogativis
1427 450 1525 479 me-

104 516 313 562 ritorum
335 513 569 560 ministrae
595 511 788 558 Domini
813 509 1103 558 decorantur
1125 512 1219 575 (1).

168 593 254 641 Die
281 592 405 639 sesto
434 590 713 651 Judaeorum
743 590 876 636 Jesus
905 589 1255 654 Jerusolymam
1285 589 1522 649 ascendit,

104 670 447 736 hominemque
470 668 552 734 qui
577 686 664 733 per
689 683 883 714 xxxvul
910 683 1061 714 annos
1082 666 1327 732 languerat
1345 667 1526 714 sanavit

102 747 160 794 ad
182 747 480 813 probaticam
501 746 758 811 piscinam,
785 762 893 811 quae
915 745 1285 809 cognominatur
1310 744 1527 792 hebraice

101 825 373 884 Bethsaida,
407 824 490 872 ubi
522 824 785 871 sacerdotes
815 822 1037 870 lavabant
1068 841 1231 871 carnes
1257 823 1491 889 pecudum
1509 859 1525 882 ‚

101 905 228 953 unde
254 905 389 970 legali
419 905 517 951 ritu
543 902 781 951 faciebant
805 903 904 950 Deo
938 902 1180 950 sacrificia.
1207 903 1391 950 Piscina
1426 902 1527 949 haec

100 983 316 1048 quinque
335 983 548 1048 porticus
568 980 797 1042 hahebat,
821 980 869 1027 in
886 979 1060 1045 quihus
1077 980 1339 1028 multitudo
1359 998 1525 1044 magna

102 1058 431 1124 languentium
444 1057 647 1124 jacebat,
668 1075 924 1114 caecorum,
942 1058 1241 1114 claudorum,
1259 1057 1522 1114 aridorum,

102 1139 455 1202 expectantium
489 1155 624 1202 aquae
661 1147 867 1184 motum.
907 1137 1061 1184 Porro
1102 1137 1294 1202 angelus
1330 1137 1525 1185 Domini

102 1213 413 1262 descendebat
445 1217 494 1262 in
526 1215 755 1279 piscinam
787 1226 834 1261 et
864 1213 1150 1261 movebatur
1173 1232 1320 1280 aqua;
1359 1226 1408 1262 et
1441 1215 1525 1280 qui

101 1294 234 1358 prius
255 1294 569 1342 descendisset
595 1295 643 1341 in
672 1293 905 1359 piscinam
928 1304 1037 1358 post
1066 1294 1334 1341 motionem
1357 1311 1520 1359 aquae,

99 1388 238 1417 sanus
271 1371 415 1418 fiebat
443 1390 467 1418 a
493 1388 793 1437 quacumque
825 1369 1078 1417 tenebatur
1111 1369 1408 1418 infirmitate.
1442 1371 1527 1417 Ju—

100 1446 245 1496 bente
277 1449 468 1496 Christo
484 1484 496 1506 ,
533 1449 693 1495 statim
723 1466 863 1494 sanus
887 1448 1038 1494 factus
1063 1458 1132 1495 est
1157 1448 1329 1509 homo,
1356 1447 1527 1514 graba-

102 1540 301 1596 tumque
333 1549 470 1577 suum
505 1530 696 1577 sustulit
729 1526 944 1577 sabbato.
978 1530 1394 1578 Murmurantibus
1419 1530 1528 1578 inde

99 1608 274 1656 Judaeis
306 1619 354 1656 et
376 1607 842 1674 blasphemantibus,
878 1608 1041 1673 sophia
1064 1610 1216 1656 Patris
1247 1609 1524 1674 respondit,

100 1704 267 1734 arcana
302 1689 565 1736 divinitatis
600 1706 696 1735 suae
715 1724 728 1745 ,
758 1698 812 1734 ut
838 1687 1087 1754 theologus
1118 1690 1324 1736 Joannes
1348 1687 1526 1745 refert,

101 1770 433 1835 multipliciter
475 1770 796 1833 manifestavit
815 1806 828 1827 ,
875 1780 920 1817 et
956 1770 1166 1817 lucernae
1214 1787 1311 1817 suae
1352 1769 1526 1817 Joanni

102 1848 351 1913 Moysique
383 1849 565 1914 insigne
593 1849 923 1896 testimoninm
948 1848 1194 1912 perhibuit
1220 1850 1330 1914 (2).

168 1927 222 1971 ln
264 1926 346 1974 illo
387 1936 602 1990 tempore
649 1926 858 1972 Herodes
906 1925 1142 1972 tetrarcha
1192 1926 1367 1972 famam
1417 1927 1526 1973 Jesu

103 2003 310 2062 audivit,
339 2005 592 2069 puerisque
616 2004 710 2050 suis
740 2004 861 2050 dixit
895 2023 904 2048 :
938 2005 1036 2051 Hic
1059 2015 1128 2050 est
1151 2004 1523 2071 Joannes'Bap-

102 2084 244 2138 tista,·
264 2084 368 2148 ipse
385 2084 595 2128 surrexit
617 2102 647 2129 a
667 2083 892 2140 mortuis,
917 2081 1027 2128 ideo
1050 2083 1246 2128 virtutes
1265 2094 1528 2148 operantur

103 2159 152 2204 in
177 2161 259 2205 eo!
284 2158 493 2206 Herodes
513 2159 643 2206 enim
667 2160 903 2207 Joannem
931 2159 1112 2215 tenuit,
1135 2176 1340 2222 eumque
1363 2158 1527 2224 alliga-

101 2237 171 2282 vit
188 2248 235 2284 et
249 2237 295 2283 in
312 2255 497 2284 carcere
514 2238 692 2302 posuit,
712 2249 912 2302 propter
930 2236 1248 2284 Herodiadcm
1261 2254 1404 2302 quam
1422 2236 1528 2283 Phi-

104 2315 235 2380 lippo
250 2315 386 2362 fratri
401 2333 486 2362 suo
508 2315 699 2373 tulerat,
717 2314 921 2381 sibique,
946 2315 1303 2363 contradicente
1321 2316 1525 2370 Joanne,

146 2544 196 2588 (1)
223 2542 353 2577 Matth.
371 2554 461 2576 xxvii
474 2571 483 2585 ‚
502 2541 569 2583 55;
589 2543 702 2577 Marc.
725 2554 777 2585 xv,
796 2544 852 2585 40,
870 2544 907 2584 41
926 2557 934 2585 ;
953 2542 1039 2576 Luc.
1061 2553 1137 2586 vni,
1160 2539 1232 2576 1—3.
1249 2541 1351 2576 Nous
1368 2552 1525 2588 pensons

101 2613 172 2648 que
183 2608 288 2637 notre
299 2609 429 2638 autom·
442 2602 505 2637 fait
519 2602 692 2645 allusion,
711 2601 801 2636 dans
816 2614 856 2637 ce
872 2602 1118 2649 paragraphe‚
1137 2613 1182 2636 au
1200 2601 1366 2648 chapitre
1382 2613 1425 2639 ix,
1441 2613 1473 2633 v.
1489 2599 1522 2638 5,

102 2659 146 2695 de
163 2661 194 2698 la
215 2663 396 2709 premiere
416 2663 532 2709 epitre
550 2675 618 2698 aux
638 2662 889 2698 Corinthiens.

149 2722 198 2762 (π)
223 2723 352 2757 Joann.
376 2735 410 2766 v,
439 2736 534 2771 '‘⁴7-
