1738 3043
643 201 796 240 LIBER
827 202 1036 241 PRIMUS.
1507 209 1554 242 19

130 301 216 348 per
243 292 488 348 angustam
513 291 703 346 portam
722 315 735 338 ‚
763 279 822 328 de
844 281 1054 328 cavendo
1077 301 1099 328 a
1126 282 1253 329 falsis
1276 276 1524 348 prophetis
1539 321 1552 340 ,

131 361 189 410 de
210 362 356 410 domo
378 359 650 407 aedificanda
675 354 813 424 supra
836 370 1022 424 petram
1037 397 1050 418 ‚
1080 379 1217 409 verus
1242 361 1415 410 doctor
1438 363 1556 412 doc-

134 446 295 484 torum
324 432 762 499 incomparabiliter
792 435 1034 499 peroravit
1061 435 1148 499 (1).
1176 436 1297 483 Cum
1328 454 1558 484 consum-

132 524 301 563 masset
328 515 460 561 Jesus
485 512 794 579 perfectionis
822 511 990 571 verba,
1015 512 1172 560 turbae
1198 513 1559 563 admirabantur

131 611 272 659 super
292 595 389 658 ejus
407 593 645 641 doctrina.
669 592 788 638 Erat
805 592 935 639 enim
960 609 1038 640 eos
1056 592 1232 640 docens
1247 630 1260 651 ‚
1287 594 1410 640 sicut
1435 596 1559 642 Deus

131 672 352 720 omnium
372 681 656 737 potestatem
679 668 882 729 habens,
907 688 1008 718 non
1030 671 1154 717 sicut
1173 671 1344 720 scribae
1369 683 1416 719 et
1438 672 1561 737 pha-

131 749 279 807 risaei,
308 749 391 814 qui
416 748 537 796 servi
572 757 708 795 erant
730 748 917 813 Moysi,
953 758 1001 794 et
1026 765 1074 794 ea
1109 758 1299 795 tantum
1323 748 1562 797 docebant

130 845 239 893 quae
263 827 468 874 infirmis
491 825 597 872 data
621 835 758 873 erant
776 825 868 889 (2).

196 905 318 952 Cum
336 915 495 952 autem
515 903 830 952 descendisset
847 903 905 951 de
920 914 1109 962 monte,
1129 914 1303 952 secutae
1322 916 1436 952 sunt
1452 922 1561 953 eum

132 982 289 1031 turbae
311 983 494 1031 multae.
530 983 795 1048 Leprosum
826 1000 940 1031 vero
971 983 1251 1048 suppliciter
1282 982 1561 1032 adorantem

132 1061 348 1110 Salvator
366 1079 514 1109 manu
529 1062 710 1127 tetigit,
733 1072 781 1110 et
804 1061 1058 1110 confestim
1078 1062 1355 1121 mundavit,
1385 1065 1562 1128 ipsum-

133 1158 227 1205 que
266 1158 312 1188 se
354 1139 677 1188 sacerdotibus
714 1141 963 1189 ostendere
1002 1159 1113 1188 cum
1154 1142 1290 1207 legali
1329 1142 1561 1191 sacrificio

133 1218 380 1282 praecepit.
421 1217 529 1278 Quo
566 1220 698 1283 jussu
739 1218 1087 1266 confessionem
1128 1229 1175 1265 et
1219 1219 1562 1283 poenitentiam

131 1308 439 1360 peccatorum
465 1298 723 1344 insinuavit
748 1298 842 1362 (3).

198 1374 528 1439 capharnaum
554 1374 697 1423 fidem
723 1374 1020 1422 centurionis
1041 1374 1348 1440 approbavit,
1380 1385 1428 1423 et
1451 1392 1566 1441 pue—

133 1453 242 1499 rum
267 1455 390 1517 ejus,
426 1471 516 1518 pro
540 1470 638 1519 quo
664 1453 945 1519 suppliciter
975 1454 1191 1520 rogavit,
1222 1456 1462 1519 jacentem
1487 1473 1568 1519 pa-

132 1531 390 1598 ralyticum
414 1543 462 1580 et
484 1533 606 1581 male
633 1544 846 1591 tortum,
873 1532 1022 1583 verbo
1043 1535 1226 1581 sanavit
1249 1535 1343 1599 (4).

197 1610 436 1670 Sabbato,
471 1612 586 1660 dum
624 1612 819 1661 doceret
853 1613 902 1660 in
939 1631 1210 1680 synagoga,
1249 1614 1443 1662 daemon
1481 1632 1567 1679 per

134 1689 380 1738 hominem
406 1691 686 1739 exclamavit
716 1712 726 1738 :
768 1691 908 1757 Quid
928 1692 1067 1740 nobis
1094 1704 1138 1740 et
1162 1692 1274 1750 tibi,
1304 1694 1421 1740 <Iesu
1449 1693 1568 1741 Να-

134 1767 341 1815 zarene?
360 1768 556 1816 Venisti
562 1769 770 1834 perdere
786 1787 874 1817 nos
886 1769 912 1817 Ρ
928 1770 965 1816 S
969 1770 1044 1817 cio
1064 1781 1131 1828 te,
1153 1771 1270 1835 quia
1286 1772 1353 1816 sis
1369 1781 1568 1817 sanctus

134 1844 247 1892 Dei.
271 1845 335 1891 Et
355 1846 675 1892 comminatus
695 1857 764 1893 est
783 1847 823 1893 ei
846 1847 995 1904 Jesus‚
1023 1847 1184 1894 dicens
1214 1867 1224 1892 :
1256 1846 1561 1905 Obmutesce,

136 1933 180 1968 et
204 1925 289 1968 exi
310 1923 371 1968 de
394 1923 602 1970 homine.
637 1924 919 1988 Discerpcns
953 1941 1066 1970 eum
1095 1923 1291 1988 spiritus
1324 1941 1531 1988 nequam
1549 1960 1562 1980 ‚

136 2018 345 2065 egressus
377 2011 447 2048 est
459 2021 471 2058 ;
500 2012 547 2049 et
582 2001 755 2059 homo,
792 2002 977 2049 cunctis
1009 2003 1091 2067 qui
1116 2001 1315 2048 aderant
1346 2003 1567 2050 miranti-

136 2078 225 2124 bus
238 2113 252 2136 ,
280 2088 468 2124 sanatus
492 2087 562 2125 est
583 2078 676 2141 (5).

201 2157 316 2204 Mox
337 2156 395 2204 de
418 2173 655 2221 synagoga
680 2156 853 2213 exivit,
889 2157 936 2202 in
963 2155 1163 2203 domum
1186 2156 1395 2203 Simonis
1421 2157 1567 2204 intra-

136 2235 231 2293 vit,
268 2252 461 2282 socrum
496 2235 592 2299 ejus
630 2232 987 2281 febricitantem
1024 2232 1170 2291 vidit,
1210 2244 1258 2280 et
1290 2245 1484 2299 rogatus
1508 2234 1568 2281 ab

135 2313 299 2360 amicis
315 2315 412 2378 ejus
436 2330 634 2359 manum
657 2312 829 2377 tetigit.
853 2313 1080 2361 Protinus
1098 2311 1257 2377 fugata
1279 2311 1414 2361 febre
1430 2349 1443 2370 ,
1465 2332 1568 2360 mu-

138 2391 225 2439 lier
246 2409 355 2438 sana
378 2390 612 2448 surrexit,
639 2400 687 2437 et
710 2391 893 2437 coelesti
920 2389 1106 2438 medico
1130 2400 1376 2456 gratanter
1399 2391 1568 2437 minis-

183 2559 233 2603 (1)
267 2557 401 2593 Matth.
436 2570 474 2601 v,
515 2556 624 2600 1-483
656 2568 690 2590 w
709 2585 718 2599 ‚
757 2556 862 2600 ι-54;
896 2570 944 2592 vn
962 2586 970 2602 ,
1010 2570 1117 2607 1-273
1151 2559 1238 2593 Luc.
1275 2569 1310 2592 vi
1325 2585 1334 2601 ,
1373 2558 1491 2606 18-49.
1520 2579 1566 2584 —

137 2619 188 2665 (2)
207 2618 339 2653 Matth.
354 2629 418 2661 vn,
439 2617 496 2660 28,
514 2628 577 2665 293
598 2617 710 2651 Marc.
730 2629 757 2657 ι,
773 2628 817 2651 22
833 2633 842 2660 3
858 2617 945 2652 Luc.
968 2629 1016 2662 lv,
1033 2615 1089 2652 δι.
1104 2638 1145 2643 —-
1164 2616 1215 2664 (3)
1232 2617 1364 2652 Matth.
1386 2629 1463 2661 vni,
1486 2619 1563 2659 ι-4;

139 2680 250 2715 Marc.
267 2692 293 2723 ι,
311 2677 442 2722 40-45;
459 2679 545 2713 Luc.
561 2690 595 2721 V,
622 2680 740 2721 12-14.
755 2699 797 2704 —-
814 2679 864 2723 (4)
882 2678 1015 2714 Matth.
1040 2690 1102 2713 vm
1115 2706 1124 2721 ‚
1143 2676 1255 2721 5-15;
1277 2679 1362 2713 Luc.
1377 2690 1440 2717 vn,
1467 2689 1561 2712 1-101

140 2759 182 2764 —
202 2738 252 2784 (5)
271 2739 384 2774 Marc.
414 2751 447 2782 1,
469 2737 596 2781 23-28;
620 2739 704 2773 Luc.
728 2750 777 2781 ιν,
800 2736 924 2786 55-57.
