1738 3043
235 282 314 318 290
601 274 842 313 HISTORIA
873 273 1277 314 ECCLESIASTICA.

234 371 276 405 et
307 355 576 404 humilitate
599 354 856 414 serviebat,
888 355 1186 418 reditumque
1217 365 1349 401 cuum
1371 354 1652 404 desiderans

236 434 452 500 quotidie
468 432 687 480 dicebat.-
706 432 903 480 Utinam
922 432 1118 479 videam
1137 433 1412 498 apostolum
1427 433 1526 481 Dei
1541 452 1655 483 ocu-

235 515 293 559 lis
321 513 461 570 meis,
487 521 749 575 antequam
771 510 978 558 moriar!
1000 512 1140 557 Tunc
1164 510 1328 558 beatus
1352 511 1558 560 Joannes
1578 511 1654 561 de-

237 591 351 655 poni
388 589 619 637 seretrum
650 598 698 636 et
729 603 903 653 corpus
930 590 1028 652 ejus
1062 587 1232 636 resolvi
1259 588 1426 652 jussit,
1455 606 1508 636 ac
1540 606 1656 639 voce

236 667 357 714 clara
387 666 507 713 dixit
529 683 540 710 :
569 666 803 712 Dominus
828 683 959 712 meus
982 665 1124 712 Jesus
1152 664 1371 713 Christus
1393 667 1570 713 exc-ieet
1592 677 1652 724 te,

236 747 505 792 Drusiana.
534 744 717 808 Surge,
742 743 1046 809 pedibusque
1072 744 1163 789 tuis
1194 742 1265 789 acl
1295 742 1494 790 domum
1525 754 1659 792 tuam

235 834 481 880 revertere,
511 832 554 868 et
574 822 879 884 resectionem
909 819 1029 866 milei
1040 837 1295 886 praepara.
1322 820 1547 868 Protinus
1579 820 1655 868 illa

237 901 468 957 surrexit,
496 910 542 947 et
569 899 770 963 apostoli
808 909 1049 962 praecepto
1081 898 1187 944 laeta
1215 897 1579 956 obsecundavit,
1611 908 1660 947 et

238 979 435 1034 merito,
470 977 580 1041 quia
614 977 699 1040 ipsi
732 973 982 1022 videbatur
1005 974 1136 1040 quod
1159 991 1259 1022 non
1286 975 1344 1023 de
1367 985 1546 1033 morte,
1579 975 1659 1023 sed

237 1057 293 1104 ‹le
331 1072 502 1103 somno
539 1055 738 1102 excitata
774 1054 938 1101 fuerit.
977 1053 1169 1100 Clamor
1208 1054 1364 1118 itaque
1401 1053 1456 1101 fit
1493 1054 1659 1119 populi

239 1154 323 1200 per
352 1146 446 1182 tres
471 1133 609 1181 horas
632 1133 834 1181 dicentis
867 1153 876 1179 :
919 1133 1055 1180 Unus
1081 1143 1149 1179 est
1172 1132 1330 1191 Deus,
1359 1150 1500 1198 quem
1521 1150 1663 1199 prce-

235 1215 372 1262 (licat
387 1225 584 1261 sanctus
608 1213 848 1267 Joannes5
868 1230 991 1258 unus
1014 1221 1083 1258 est
1101 1229 1244 1258 verus
1261 1212 1499 1258 Dominus
1518 1211 1559 1259 J
1557 1229 1664 1259 esus

246 1293 484 1339 Christus.

306 1369 489 1418 Eodem
513 1378 729 1433 tempore
752 1367 849 1415 duo
874 1367 1044 1413 fratres
1067 1365 1285 1413 ditissimi
1306 1369 1530 1431 juvenes,
1557 1367 1667 1414 Cra-

242 1460 354 1496 tonc
375 1445 665 1512 philosopho
680 1445 1016 1510 persuadente,
1045 1445 1392 1509 patrimonium
1411 1462 1549 1492 suum
1572 1445 1664 1492 dis-

247 1536 494 1573 traxerunt
508 1562 520 1582 ‚
544 1525 845 1589 singulasque
861 1542 1068 1588 gemmas
1086 1535 1334 1581 emerunt,
1355 1542 1470 1589 quas
1489 1528 1535 1571 in
1556 1524 1665 1572 foro
1691 1536 1695 1540 ”

250 1605 298 1649 in
324 1611 581 1665 conspectu
612 1601 831 1647 omnium
866 1599 1232 1664 confregerunt,
1258 1610 1306 1647 et
1332 1617 1423 1664 pro
1445 1618 1564 1648 vana
1587 1618 1667 1648 os-

251 1680 513 1727 tentatione
550 1677 779 1724 mundani
821 1687 1124 1741 contemptus
1165 1676 1434 1740 hujusmodi
1482 1689 1668 1742 specta-

250 1760 409 1806 culum
427 1768 644 1822 egerunt.
662 1757 764 1803 Hoc
782 1756 1014 1801 nimirum
1029 1755 1194 1802 beatus
1210 1756 1414 1804 Joannes
1429 1757 1670 1821 apostolus

250 1854 334 1899 per
360 1835 521 1881 forum
547 1833 779 1879 transiens
805 1832 947 1888 vidit,
977 1832 1357 1896 insipientiaeque
1379 1832 1672 1880 deviantium

253 1911 547 1975 compatiens
572 1910 728 1955 sanius
753 1905 1007 1956 consilium
1035 1907 1284 1955 benivolus
1303 1907 1529 1972 praebuit.
1553 1910 1673 1958 Nam

252 1993 510 2037 (hutonem
537 1989 816 2052 magistrum
851 1987 1028 2034 erroris
1052 1985 1109 2033 ad
1134 2004 1181 2033 se
1204 1987 1444 2044 accersiit,
1476 1988 1674 2036 damno-

252 2088 347 2115 sam
375 2066 747 2115 desastationem
771 2083 935 2112 rerum
959 2064 1271 2129 vituperavit,
1306 2064 1473 2112 utilem
1503 2066 1669 2113 mundi

250 2154 583 2208 contemptum
624 2141 884 2189 secundum
926 2141 1103 2187 Christi
1141 2151 1431 2205 praeceptum
1477 2141 1666 2200 docuit,

254 2225 465 2272 recolens
483 2221 689 2285 ejusdem
706 2221 916 2284 magistri
936 2221 1004 2265 sui
1021 2219 1363 2267 documentum
1375 2255 1388 2277 ‚
1408 2222 1491 2285 qui
1502 2222 1667 2285 juveni

252 2301 371 2347 dixit
391 2298 625 2364 quaerenti
652 2296 710 2342 ab
735 2315 791 2343 (Ὀ
815 2297 975 2342 salutis
999 2307 1193 2344 aeternae
1216 2297 1497 2345 consilium:
1519 2298 1667 2347 Sivis

246 2378 490 2443 perfec-tus
515 2392 643 2431 esse,
671 2374 829 2430 vade,
858 2374 1016 2420 vende
1040 2377 1203 2421 omnia
1226 2392 1336 2439 quoe
1356 2374 1503 2423 habes
1528 2387 1572 2424 et
1599 2376 1668 2423 da

246 2453 545 2521 pauperibus
564 2487 576 2508 ,
614 2463 656 2497 et
690 2451 883 2497 lzubelu's
913 2451 1189 2498 thesaurum
1221 2454 1271 2498 in
1298 2453 1449 2509 coelo;
1480 2464 1525 2500 et
1553 2456 1669 2501 veni

252 2544 294 2578 et
327 2548 518 2594 sequere
542 2547 615 2573 me
640 2529 659 2591 ζ
672 2529 732 2591 1).
775 2528 953 2575 Craton
988 2547 1100 2577 vero
1133 2528 1441 2594 philosophus
1463 2531 1664 2594 apostoli

253 2605 533 2655 salutaribus
572 2606 768 2652 monitis
809 2607 1073 2662 consensit,
1114 2624 1165 2652 ac
1202 2616 1255 2652 ut
1288 2623 1514 2671 gemmae,
1555 2626 1665 2674 quae

299 2789 346 2821 ⁵¹}
374 2785 499 2819 Ἰὶειηὶι4
525 2796 593 2817 ιη’,
617 2796 671 2816 Ἡ,
