1738 3043
532 237 683 277 LIBER
713 238 993 277 SECUNDUS.
1399 243 1476 279 285»

56 332 182 375 tmn,·
219 319 366 364 redde
397 319 536 364 nobis
569 319 805 364 hominem
838 329 1092 374 sanetum,-
1129 336 1187 366 ne
1216 321 1476 386 interficias

56 397 284 443 hominem
312 396 417 441 Deo
445 414 628 443 carum.
658 396 769 441 Haec
796 406 842 442 et
867 396 1014 441 multa
1050 396 1136 441 alia
1168 396 1355 444 dicente
1384 416 1478 462 po-

54 475 199 540 pulo,
235 477 380 540 Egens
419 475 636 539 expavit,
679 484 726 520 et
764 491 811 520 se
853 491 962 520 eum
998 473 1236 538 deponere
1270 477 1478 540 promit-

56 565 184 610 tens,
207 554 346 600 simul
376 555 442 600 ire
466 554 630 618 coepit.
657 552 809 612 Quem
835 551 998 598 videns
1021 563 1209 599 sanctus
1232 554 1474 614 Andreas,

55 631 272 679 hortatus
298 642 367 679 est
399 642 454 677 ut
488 630 679 678 Christo
714 629 954 686 crederet,
993 641 1136 695 atque
1172 631 1286 677 dum
1324 631 1476 679 adhuc

53 720 210 774 posset
236 709 292 756 ad
318 708 459 756 fidem
486 726 575 773 pro
601 707 750 754 salute
782 725 861 753 sua
888 718 1122 755 curreret.
1157 710 1257 772 lpse
1281 726 1395 756 vero
1430 711 1476 755 in

54 803 193 833 cruce
211 785 422 850 pendens
441 803 632 832 securus
651 783 918 841 exultabat,
942 795 989 830 et
1010 783 1066 831 de
1085 785 1265 832 visione
1284 785 1477 841 Christi,

52 881 197 930 quem
223 874 319 911 tota
344 874 504 911 mente
527 863 781 920 dilexerat,
804 862 981 927 diuque
1000 862 1369 920 desideraverat,
1400 864 1478 911 ad-

53 942 250 990 modum
271 942 406 989 laetus
426 941 613 989 dicebat
640 961 650 986 :
674 943 787 988 Jam
812 960 971 1006 regem
994 959 1150 988 meum
1173 943 1319 990 video
1329 966 1349 999 ,-
1366 945 1477 1008 jam

54 1039 162 1068 eum
200 1021 354 1068 adoro
369 1044 387 1077 ,-
415 1022 529 1086 jam
566 1023 615 1067 in
643 1030 902 1085 conspeetu
936 1022 1041 1086 ejus
1079 1023 1272 1069 assisto.
1315 1022 1479 1069 Carni-

54 1098 162 1147 fices
187 1110 371 1156 autem,
400 1099 551 1145 missis
573 1099 628 1145 ad
661 1116 852 1145 crucem
876 1097 1122 1154 manibus,
1150 1117 1258 1146 eum
1285 1101 1478 1147 contin-

52 1195 162 1243 gere
187 1195 286 1225 non
310 1188 563 1243 poterant,
593 1188 640 1225 et
663 1176 864 1224 subinde
888 1176 965 1222 alii
991 1188 1039 1224 et
1061 1177 1138 1223 alii
1163 1189 1217 1224 ut
1240 1178 1480 1225 solverent

54 1273 162 1304 eum
187 1274 284 1303 sese
314 1256 620 1320 ingerebant;
650 1255 728 1303 sed
753 1254 944 1301 brachia
971 1272 1139 1302 eorum
1165 1256 1247 1321 qui
1269 1274 1376 1303 eum
1402 1257 1478 1303 de-

53 1351 234 1399 ponere
258 1334 539 1382 nitebantur
571 1332 839 1399 stupebant.
876 1334 1014 1380 Tunc
1047 1345 1234 1380 sanetus
1267 1334 1476 1381 Andreas

54 1429 169 1459 voce
202 1430 367 1477 magna
401 1412 704 1473 exclamavit,
740 1422 786 1459 et
820 1411 1171 1459 devotissimam
1207 1413 1478 1461 orationem

55 1508 215 1538 coram
240 1492 343 1538 Deo
367 1491 602 1556 profudit.
632 1491 813 1555 Quem,
842 1500 1095 1555 postquam
1119 1490 1298 1537 diutius
1317 1491 1477 1538 Jesum

53 1567 239 1616 bonum
269 1570 550 1635 magistrum
580 1586 717 1615 suum
751 1569 930 1625 oravit,
962 1567 1231 1616 videntibus
1267 1570 1473 1627 cunctis,

54 1645 282 1711 splendor
311 1647 487 1693 nimius
520 1646 641 1693 sicut
664 1645 826 1711 fulgur
851 1645 909 1692 de
933 1646 1058 1693 coelo
1077 1646 1272 1693 veniens
1297 1646 1358 1693 ita
1383 1648 1479 1693 eir-

56 1725 319 1783 cumdedit,
347 1736 401 1772 ut
423 1744 524 1790 prae
550 1726 652 1791 ipso
670 1725 922 1790 splendore
946 1725 1141 1772 humani
1163 1725 1352 1790 penitus
1372 1743 1479 1773 eum

56 1819 154 1850 non
174 1813 369 1867 possent
387 1804 513 1850 oculi
534 1805 757 1868 aspicere.
781 1804 998 1868 Cumque
1015 1803 1242 1868 splendor
1261 1822 1479 1869 perman-

57 1881 187 1927 sisset
203 1881 302 1928 sere
317 1899 401 1945 per
416 1880 625 1927 dimidiae
640 1879 771 1927 horae
787 1881 1010 1944 spatium,
1034 1881 1262 1937 Andreas,
1284 1882 1478 1946 insignis

56 1958 188 2022 pugil
205 1956 405 2014 Christi,
422 1957 700 2004 abscedente
715 1957 895 2003 lumine
910 1957 1066 2004 emisit
1079 1958 1320 2022 spiritum,
1339 1958 1478 2004 simul

59 2053 168 2082 cum
208 2036 309 2100 ipso
351 2035 532 2083 lumine
571 2052 771 2100 pergens
811 2034 868 2080 ad
904 2035 1183 2082 Dominum.
1224 2035 1481 2081 Maximilla

58 2132 173 2163 vero
198 2115 405 2162 senatrix
431 2133 539 2161 cum
569 2114 832 2162 reverentia
858 2114 1196 2178 corpusculum
1221 2116 1318 2178 ejus
1345 2114 1479 2170 tulit,

60 2203 108 2240 et
130 2193 381 2242 conditum
407 2192 698 2241 aromatibus
725 2193 912 2257 optimo
938 2192 1045 2240 loco
1069 2193 1300 2258 sepelivit.

125 2272 278 2319 Porro
304 2272 470 2337 Egeas‚
493 2282 747 2337 antequam
769 2270 826 2318 ad
846 2271 1043 2318 domum
1065 2289 1195 2317 suam
1219 2272 1430 2327 veniret,
1459 2290 1481 2317 a

61 2348 304 2397 daemonio
334 2362 550 2416 arreptus
579 2361 671 2408 est,
700 2361 747 2398 et
773 2351 820 2397 in
851 2361 1110 2415 conspectu
1134 2351 1354 2399 omnium
1378 2350 1483 2397 clae-

63 2427 250 2474 monica
270 2429 520 2476 vexatione
540 2429 587 2475 in
607 2429 679 2475 via
702 2440 923 2477 mortuus
942 2440 1028 2475 est.
1050 2429 1306 2476 Stratocles
1326 2440 1481 2475 autem

65 2502 213 2552 frater
235 2506 376 2571 Egeae
395 2506 452 2554 de
475 2506 735 2553 substantia
754 2509 850 2571 ejus
875 2505 997 2552 nihil
1022 2508 1250 2572 contigit,
1278 2507 1355 2554 sed
1378 2525 1486 2554 cor-

67 2599 154 2645 pus
173 2584 321 2630 sancti
342 2583 545 2631 Andreae
565 2583 765 2648 apostoli
786 2595 951 2631 tenens
970 2586 1130 2632 evasit.
1146 2587 1328 2633 Tantus
1345 2587 1485 2631 etiam

71 2657 217 2706 timor
235 2661 481 2710 universos
503 2662 550 2708 in
578 2662 654 2707 illa
677 2661 921 2726 provincia
943 2663 1112 2709 invasit
1128 2699 1140 2719 ,
1167 2673 1222 2710 ut
1239 2663 1399 2710 nullus
1419 2680 1487 2707 re-

73 2748 284 2785 maneret
309 2740 388 2803 qui
416 2741 642 2787 Salvatori
673 2750 838 2787 nostro
863 2741 961 2787 Deo
991 2759 1090 2789 non
1126 2742 1353 2789 erederet.
1387 2740 1492 2785 Fer-
