1738 3043
283 284 358 320 196
646 279 884 319 HISTORIA
917 279 1315 318 ECCLESIASTICA.

281 380 360 408 nes
385 360 525 405 ctiam
550 359 630 423 qui
654 358 906 405 credebant
929 359 1104 422 pariter
1129 357 1425 414 habitabant,
1452 368 1496 405 ct
1521 360 1676 405 omnia

281 437 549 483 communia
567 435 818 482 habebant.
833 436 1146 482 Possessioncs
1162 445 1210 481 et
1224 434 1504 482 substantias
1516 435 1681 482 vende-

282 514 423 571 bant,
444 524 490 559 et
507 513 747 569 omnibus,
771 524 916 577 prout
939 514 1108 578 cuique
1126 531 1243 577 opus
1267 523 1365 559 erat
1382 550 1392 569 ‚
1417 512 1490 558 illa
1509 512 1681 559 ‹livide-

283 591 415 638 bam.
440 591 663 652 Quotidie
685 590 839 638 fideles
864 590 1133 637 crescebant
1157 589 1436 647 virtutibus,
1458 591 1683 636 Domino-

282 687 374 734 que
385 681 583 734 augente
595 669 673 734 qui
689 669 799 714 salvi
817 669 1000 724 fierent,
1016 667 1250 714 crescebat
1261 684 1426 714 corum
1438 685 1678 714 numerus.

350 749 513 794 Petrus
549 764 655 793 eum
687 748 868 792 Joanne
901 745 1013 792 hora
1038 763 1163 791 nona
1190 745 1419 808 templum
1450 745 1682 802 ascendit,

288 824 445 890 ibique
469 825 890 889 ‹piadragcnarium
908 842 962 869 ex
983 834 1120 870 utero
1138 823 1299 869 matris
1319 823 1535 869 claudum
1557 840 1688 870 men-

286 903 521 949 dicantem
553 903 772 966 respexit.
802 901 986 965 Negans
1009 918 1122 946 vero
1145 900 1230 945 sibi
1259 918 1353 947 esse
1374 900 1583 957 divitias,
1610 901 1689 947 in-

287 980 464 1043 digenti
490 981 655 1026 melius
675 978 876 1034 obtulit,
901 996 1100 1042 eumque
1120 977 1404 1041 apprehensa
1431 996 1573 1024 manu
1596 995 1690 1025 ser-

288 1075 430 1103 mone
445 1075 553 1103 mox
573 1057 618 1101 in
638 1057 831 1102 nominc
844 1057 952 1102 Jcsu
967 1054 1138 1101 Christi
1158 1056 1351 1103 curavit.
1368 1056 1459 1116 Qui
1474 1056 1692 1120 protinus

289 1135 590 1182 consolidatis
610 1133 794 1179 basibus
815 1144 859 1180 et
880 1133 1051 1197 plantis
1073 1133 1265 1179 exiliens
1282 1143 1327 1180 et
1343 1150 1560 1189 currens,
1583 1151 1692 1180 cum

289 1213 380 1259 illis
406 1212 634 1275 templum
668 1212 882 1267 intravit,
911 1222 956 1257 et
982 1210 1185 1275 gaudens
1210 1212 1472 1257 Dominum
1504 1210 1691 1275 publice

288 1291 508 1337 laudavit.
532 1290 694 1336 Omnis
711 1301 869 1336 autem
887 1290 1107 1353 populus,
1126 1301 1178 1336 ut
1196 1289 1391 1354 speciale
1410 1289 1691 1336 miraculum

290 1369 407 1414 vidit
433 1368 610 1413 factum
648 1369 694 1413 in
730 1369 921 1414 nomine
954 1366 1126 1413 Christi
1160 1385 1299 1432 super
1334 1365 1576 1425 claudum,
1608 1367 1688 1432 qui

289 1445 501 1509 quotidie
527 1443 792 1508 ponebatur
815 1443 870 1490 ad
899 1444 1154 1507 speciosam
1176 1454 1362 1508 portam
1391 1443 1584 1508 templi,
1619 1460 1692 1491 re-

289 1522 442 1586 pletus
475 1533 543 1568 est
571 1531 763 1585 stupore
796 1532 842 1566 et
875 1522 1035 1567 extasi.
1071 1522 1189 1567 Cum
1226 1531 1504 1569 tenerentur
1536 1531 1692 1568 autem
1722 1551 1723 1554 =

289 1599 508 1664 apostoli,
529 1600 775 1644 concurrit
793 1599 994 1662 populus
1008 1599 1063 1643 ad
1078 1599 1317 1662 porticum
1336 1599 1622 1656 Salomonis,
1641 1610 1695 1645 ut

293 1677 512 1722 claudum
538 1676 823 1738 xiderctjam
849 1687 1063 1721 curatum
1083 1677 1259 1723 virtute
1275 1677 1481 1723 nominis
1500 1677 1692 1724 Christi.

295 1753 583 1816 Congregata
610 1751 943 1809 multitudine,
972 1753 1136 1798 Petrus
1164 1753 1292 1817 loqui
1320 1754 1492 1818 coepit,
1520 1764 1567 1801 et
1590 1753 1695 1801 lau-

291 1829 397 1875 ‹lem
416 1829 672 1875 curationis
691 1847 712 1874 a
738 1847 783 1874 se
806 1829 994 1891 penitus
1021 1827 1187 1874 humili
1213 1830 1573 1878 ratiocinatione
1597 1829 1696 1878 abe-

293 1907 359 1971 git
374 1943 384 1963 ‚
414 1906 490 1953 sed
513 1907 675 1952 virtuti
697 1906 958 1952 divinitatis
974 1905 1146 1952 Christi
1164 1908 1271 1954 Jesu
1293 1909 1492 1956 omnino
1517 1910 1698 1974 ascrip—

295 1985 372 2030 sit.
401 1985 426 2030 J
432 1983 587 2031 udaeos
611 1994 767 2030 autem
789 1986 885 2048 ejus
906 1994 1224 2048 persecutores
1247 1983 1514 2049 benigniter
1536 1985 1698 2033 redar-

295 2063 398 2127 guit
412 2098 423 2118 ‚
452 2061 529 2108 sed
547 2061 850 2125 postmodum
865 2097 878 2117 ‚
906 2061 1014 2126 quia
1036 2078 1119 2125 per
1140 2062 1453 2126 ignorantiam
1471 2062 1691 2120 fecerint,

298 2141 347 2186 in
392 2138 666 2202 infatigabili
709 2138 1027 2185 misericordia
1066 2140 1274 2203 Magistri
1313 2141 1380 2185 sui
1423 2140 1662 2188 confidens
1679 2176 1692 2196 ‚

296 2216 467 2261 leniter
486 2217 736 2262 excusavit.
757 2215 827 2261 Ad
847 2225 1136 2278 postremum
1149 2251 1161 2271 ,
1185 2215 1240 2260 ad
1254 2216 1586 2279 poenitentiam
1602 2232 1696 2264 sce*

297 2293 447 2338 lerum
471 2294 590 2356 ipsos
614 2293 828 2337 invitavit
841 2328 852 2347 ,
871 2303 917 2338 et
937 2293 1224 2338 Salvatorcm
1241 2311 1292 2338 ac
1311 2311 1474 2340 verum
1496 2294 1692 2359 prophe-

300 2379 410 2423 tam,
436 2380 482 2414 ut
502 2369 684 2432 Moyses
699 2380 745 2413 et
759 2369 967 2424 Samuel,
986 2381 1032 2416 et
1046 2387 1208 2415 omnes
1224 2371 1466 2434 prophetae
1478 2370 1692 2436 deinceps

299 2444 644 2509 p1·aedix‹erunt‚
667 2446 763 2507 jam
790 2446 964 2491 venisse
991 2446 1171 2510 liquido
1200 2447 1480 2493 monstravit
1507 2448 1595 2511 (1).

370 2520 689 2586 loquentibus
731 2522 818 2567 illis
852 2523 907 2568 acl
940 2524 1197 2587 populum,
1230 2524 1487 2571 sacerdotes
1520 2535 1566 2572 et
1594 2543 1693 2572 ma-

302 2600 519 2663 gistratus
547 2598 707 2661 templi
740 2610 785 2645 et
810 2599 1035 2646 sadducaei
1065 2611 1465 2663 supervenerunt,
1491 2612 1537 2648 et
1565 2619 1692 2649 com—

350 2768 396 2811 (1‘
426 2768 494 2800 Act
530 2772 644 2810 apost.
668 2778 707 2803 111
732 2768 852 2807 4ἰ-ιιι,
874 2766 929 2799 QG.
951 2768 1089 2806 (Anncc
1104 2765 1147 2799 33
1165 2766 1208 2801 (lc
1227 2767 1309 2801 l'irre
1328 2768 1568 2812 cliretienne.)
