1738 3043
613 182 763 223 LIBER
793 183 1072 223 SECUNDUS.
1477 188 1553 227 403

130 259 351 308 devotare
396 272 442 308 et
493 280 576 326 per
615 261 812 309 salutem
860 262 1059 328 Augusti
1104 281 1307 312 asserere
1350 267 1480 331 quod
1517 270 1552 314 si

131 338 354 387 Silvester
386 350 573 386 taurum
606 341 808 405 erigeret
840 358 863 387 a
899 353 1088 399 morte,
1124 360 1290 392 omnes
1317 345 1553 409 judaicam

131 417 279 483 legem
317 417 615 465 dimitterent
655 430 702 466 et
745 417 1016 467 christianae
1055 421 1274 486 religioni
1317 441 1363 470 se
1396 424 1555 474 trade-

131 508 256 545 rent.
285 497 426 545 Tunc
445 508 633 544 sanctus
657 515 773 561 papa
798 516 965 544 manus
985 517 1088 545 suas
1114 501 1365 565 expandit,
1392 515 1439 550 et
1464 521 1555 568 po·-

129 575 230 621 sitis
260 575 460 640 genibus
493 593 601 621 cum.
635 574 855 639 lacrymis
884 574 1148 623 diutissime
1179 580 1351 626 oravit.
1386 581 1555 628 Finitis

129 669 243 701 vero
276 651 522 716 precibus,
558 650 614 697 ad
641 652 903 715 juvencum
931 653 1122 699 accessit
1154 665 1201 701 et
1233 672 1343 702 cum
1372 657 1552 721 ingenti

130 730 337 778 clamore
360 731 480 777 dixit
504 751 514 776 ;
542 730 602 776 In
625 733 816 777 nomine
833 731 949 778 Jesu
974 732 1176 791 Christi,
1202 736 1288 798 qul
1310 753 1341 781 a
1364 736 1554 784 Judceis

128 807 216 854 sub
255 809 434 855 Pontio
466 808 635 854 Pilato
658 808 874 873 praeside
909 810 1172 870 crucifixus
1205 822 1303 869 est,
1339 831 1482 878 surge
1513 826 1557 861 et

128 896 205 932 sta
243 903 351 932 eum
393 888 522 933 omni
563 887 948 933 mansuetudine.
993 889 1220 936 Protinus
1265 891 1472 938 surrexit
1510 904 1555 939 et

127 975 316 1012 sanctus
353 964 528 1030 praesul
566 965 758 1011 accessit
794 975 841 1012 et
876 966 1038 1012 omnia
1073 967 1260 1013 vincula
1296 967 1353 1015 de
1389 971 1556 1017 corni-

128 1043 217 1091 bus
249 1046 347 1108 ejus
371 1044 531 1092 solvit.
558 1044 734 1102 Vade,
771 1043 953 1109 inquit,
983 1063 1092 1092 eum
1119 1048 1254 1092 omni
1274 1061 1557 1105 mansuetu--⁸

128 1121 242 1168 dine
270 1122 342 1168 ad
367 1132 635 1168 armentum
661 1132 810 1168 tuum.
842 1124 904 1169 Et
938 1139 1050 1170 mox
1087 1133 1248 1170 taurus
1278 1142 1385 1173 cum
1420 1145 1558 1174 man-

128 1198 379 1247 suetudine
395 1198 538 1247 rediit
555 1198 611 1245 ad
630 1217 821 1265 gregem
841 1218 997 1247 suum.
1023 1202 1162 1248 Tunc
1187 1218 1352 1250 omnes
1374 1204 1523 1252 Judaei
1539 1240 1552 1260 ,

126 1277 326 1343 pedibus
349 1281 448 1344 ejus
471 1279 741 1343 provoluti,
768 1279 1132 1344 postulaverunt
1155 1281 1279 1327 unda
1300 1281 1554 1346 baptisma-

130 1358 187 1404 tis
211 1359 496 1423 regenerari.

192 1438 293 1502 Ipsa
332 1438 475 1485 etiam
513 1437 690 1485 Helena
724 1437 935 1503 Augusta
971 1437 1175 1502 publicis
1212 1457 1259 1486 se
1291 1441 1558 1504 aspectibus

128 1515 290 1563 levatis
310 1516 469 1564 aulaeis
494 1515 712 1563 exhibuit
727 1554 738 1575 ‚
764 1526 811 1563 et
835 1515 985 1580 palam
1007 1515 1233 1563 omnibus
1252 1535 1384 1581 papae
1403 1537 1555 1583 genua

126 1594 420 1652 exosculanS,
437 1593 525 1641 sibi
541 1595 702 1643 locum
717 1595 1021 1659 poenitentiae
1035 1595 1135 1641 dari
1154 1595 1357 1659 rogavit.
1381 1596 1558 1645 Eadem

127 1673 243 1721 hora
281 1673 422 1720 multi
458 1673 699 1720 daemones
736 1691 790 1720 ex
827 1672 1025 1720 obsessis
1062 1672 1348 1737 corporibus
1385 1678 1554 1741 egressi

126 1761 263 1807 sunt,
286 1751 533 1815 sanctique
554 1750 765 1797 Silvestri
781 1754 914 1814 jussu
935 1768 982 1797 se
998 1760 1185 1799 coactos
1203 1751 1331 1798 exire
1350 1753 1551 1800 confessi

126 1837 255 1874 sunt.

192 1907 245 1952 ln
261 1904 458 1971 praefata
474 1904 856 1951 Christianorum
872 1915 919 1951 et
932 1903 1206 1952 Judaeorum
1221 1907 1546 1966 altercatione,

121 1983 412 2049 Zenophilus
444 1993 491 2030 et
518 1982 695 2029 Craton
726 1983 955 2047 praecipui
990 2000 1206 2032 censores
1237 1995 1284 2032 et
1316 1985 1546 2033 ordinarii

119 2062 179 2109 ab
214 2062 430 2128 Augusto
461 2071 507 2108 et
537 2071 703 2107 senatu
740 2060 876 2108 electi
913 2060 1135 2118 suerunt,
1174 2080 1384 2127 quorum
1422 2081 1545 2111 unus

119 2151 219 2187 erat
243 2140 441 2187 Graecus
470 2151 516 2187 et
547 2139 666 2186 alter
690 2139 900 2186 Latinus.
929 2138 1086 2186 Ambo
1112 2141 1383 2205 peritissimi
1407 2153 1544 2190 erant

118 2230 332 2268 oratores
363 2228 410 2265 et
441 2217 620 2264 dicaces
650 2215 862 2264 veritatis
893 2227 1154 2273 amatores,
1182 2228 1229 2264 et
1263 2219 1311 2264 in
1344 2237 1541 2267 romana

119 2298 248 2344 curia
286 2315 371 2362 per
410 2296 607 2361 longum
648 2306 831 2359 tempus
871 2293 1190 2358 probatissimi
1241 2297 1541 2346 rectitudinis

118 2387 404 2432 servatores,
431 2374 735 2438 avaritiaeque
763 2383 1134 2437 contemptores.
1161 2372 1318 2421 Ambo
1342 2376 1540 2440 gentiles

118 2464 278 2511 erant,
298 2463 352 2500 ut
370 2461 551 2499 neutrae
576 2450 696 2515 parti
721 2467 811 2515 pro
834 2449 1064 2514 religione
1083 2449 1322 2508 faverent,
1347 2451 1425 2498 scd
1438 2454 1536 2516 jus-

119 2533 237 2579 titiae
263 2529 564 2579 solummodo
589 2528 804 2575 famulari
831 2527 1099 2584 studerent,
1127 2537 1174 2575 et
1198 2545 1258 2576 ne
1281 2527 1534 2576 Christiani

120 2610 191 2658 vel
212 2609 362 2657 Judaei
387 2627 476 2675 pro
501 2627 580 2656 sua
605 2618 726 2655 secta
750 2606 854 2655 illos
879 2617 1117 2671 suspectos
1137 2606 1384 2655 haberent.

184 2687 532 2753 Triumphante
566 2697 724 2735 autem
758 2685 947 2733 Christo
983 2703 1067 2749 per
1108 2697 1323 2733 sanctum
1364 2686 1537 2734 Silves-
