1738 3043
236 247 315 283 202
603 241 842 281 HISTORIA
873 241 1272 281 ECCLESIASTICA.

237 324 574 368 summiserunt
592 357 603 377 ‚
646 331 693 367 et
727 320 911 385 plebem
952 339 1004 367 ac
1045 321 1252 368 seniores
1293 330 1433 385 atque
1469 321 1642 370 scribas

237 407 615 446 commoverunt.
641 397 818 445 Deinde
837 407 1173 445 concurrentes
1188 432 1200 452 ‚
1227 414 1336 444 eum
1354 409 1639 461 rapuerunt,

238 489 283 522 ct
310 477 354 523 in
382 475 587 522 concilio
610 485 839 522 statutum
863 485 1215 521 accusaverunt.
1254 473 1428 522 Omnes
1456 485 1640 532 autem,

238 555 317 618 qui
347 552 570 600 sedebant
603 554 651 600 in
681 553 912 610 concilio,
950 553 1171 599 viderunt
1208 551 1376 599 sacicm
1406 553 1504 616 ejus
1536 562 1643 600 tan-

238 649 379 696 quam
403 630 570 678 facicm
595 631 763 696 angeli.
797 632 1116 695 Interrogatus
1140 649 1163 675 a
1188 630 1405 694 principe
1427 630 1647 678 sacerdo-

241 719 342 753 tum
371 707 648 773 eloquenter
674 707 942 771 respondit,
986 718 1032 754 ct
1068 708 1261 771 antiqua
1299 717 1488 770 patrum
1520 716 1646 772 gesta

240 785 500 849 prudenter
525 785 787 849 intrepidus
812 785 1078 848 explicavit.
1109 784 1229 830 Nam
1253 784 1311 831 de
1336 782 1575 831 Abraham
1599 794 1648 832 et

241 864 426 927 Moyse,
453 863 650 927 aliisque
677 861 951 926 patriarchis
978 861 1195 910 idoneam
1220 861 1538 909 laudationem
1561 880 1647 910 ex-

244 941 377 999 tulit,
416 958 786 1005 magnarumque
814 957 974 986 rcrum
999 940 1320 986 narrationem
1346 939 1646 1005 breviloquio

241 1019 489 1065 conclusit.
528 1019 742 1082 Denique
780 1016 1044 1064 incredulos
1068 1027 1115 1063 et
1150 1017 1260 1082 legis
1297 1028 1649 1082 contemptores

243 1095 509 1159 redarguit,
538 1094 680 1142 duros
700 1106 746 1141 et
767 1095 1121 1141 incircumcisos
1143 1094 1365 1141 cordibus
1387 1105 1435 1142 et
1456 1094 1649 1142 auribus

242 1172 391 1235 palam
415 1172 665 1235 appellavit
681 1208 693 1229 ‚
724 1172 803 1236 qui
830 1171 1028 1235 Spiritui
1054 1171 1226 1218 Sancto
1250 1188 1436 1235 semper
1459 1171 1650 1219 restite-

243 1258 386 1303 runt,
422 1258 470 1294 et
506 1247 759 1311 prophetas
797 1248 1028 1311 persecuti
1063 1257 1191 1294 sunt.
1229 1246 1648 1306 Audienteshaec,

241 1324 593 1372 dissecabantur
619 1324 840 1372 cordibus
863 1326 955 1371 suis
970 1360 983 1382 ,
1006 1335 1054 1372 et
1076 1324 1340 1372 stridebant
1361 1324 1583 1373 dentibus
1602 1325 1652 1373 in

243 1420 367 1448 cum.
381 1403 498 1448 Cum
514 1412 671 1450 autem
682 1413 798 1449 esset
809 1402 1068 1466 Stephanus
1083 1403 1249 1467 plenus
1260 1403 1444 1467 Spiritu
1456 1404 1649 1461 Sancto,

247 1478 495 1526 intendens
523 1481 569 1526 in
595 1480 773 1526 coelum
798 1480 916 1527 vidit
936 1481 1136 1545 gloriam
1161 1481 1243 1528 Dei
1264 1517 1276 1537 ‚
1315 1492 1362 1528 et
1387 1482 1452 1527 ait
1479 1501 1490 1527 ε
1520 1483 1655 1529 Ecce

242 1556 380 1602 video
429 1557 570 1603 coelos
617 1569 834 1622 apertos,
877 1569 920 1604 ec
958 1559 1123 1604 Jesum
1153 1570 1355 1605 stantem
1395 1577 1427 1605 α
1467 1559 1667 1606 dextris·

248 1634 353 1679 Dei.
384 1634 703 1681 Exclamantes
731 1645 890 1682 autem
926 1652 1040 1681 voce
1073 1653 1270 1699 magna,
1306 1637 1654 1684 continuerunt

246 1729 378 1757 aures
424 1729 525 1757 suas
546 1748 558 1768 ,
615 1722 661 1758 et
715 1713 944 1776 impetum
995 1712 1213 1760 fecerunt
1260 1714 1551 1761 unanimiter
1603 1715 1653 1761 in

244 1805 353 1834 eum
374 1823 386 1844 ‚
416 1798 462 1835 et
486 1789 723 1852 ejicientes
757 1806 865 1835 eum
892 1799 1021 1835 extra
1059 1789 1320 1846 civitatem,
1364 1788 1652 1853 lapidabant.

247 1866 405 1912 Testes
429 1883 542 1913 vero
565 1867 843 1913 vestimenta
868 1885 946 1913 sua
975 1885 1103 1914 secus
1138 1866 1276 1930 pedes
1314 1868 1439 1913 Sauli
1475 1867 1656 1915 adoles-

247 1944 394 1990 centis
418 1943 742 2008 deposuerunt
761 1954 808 1991 et
824 1943 1116 2009 Stephanum
1142 1944 1491 2009 lapidaverunt,
1521 1945 1657 1993 invo-

246 2030 431 2066 cantem
454 2030 500 2067 et
524 2020 761 2067 dicentem
784 2041 794 2066 ;
821 2021 1028 2068 Domine
1045 2021 1085 2068 J
1083 2039 1165 2068 esa
1174 2058 1191 2078 ,
1217 2024 1408 2087 suscipe
1433 2022 1656 2087 spiritum

247 2116 417 2143 meum.
445 2097 613 2145 Positis
637 2108 794 2145 autem
813 2098 1038 2163 genibus,
1066 2099 1284 2144 clamavit
1305 2115 1419 2145 voce
1444 2115 1612 2163 magna
1639 2118 1652 2145 ε

247 2177 476 2232 Domine,
507 2194 566 2221 ne
597 2187 782 2222 statuas
810 2176 906 2222 illis
934 2176 1024 2223 lzoc
1046 2187 1318 2240 peccatam.
1348 2176 1411 2221 Et
1432 2193 1542 2222 cum
1564 2174 1656 2223 hoc

246 2251 462 2307 dixisset,
501 2251 794 2298 obdormivit
824 2253 871 2298 in
896 2253 1213 2314 Domino(1).
1252 2253 1353 2300 Hoc
1392 2253 1549 2318 itaque
1582 2269 1654 2300 se-

249 2328 404 2375 cundo
427 2329 679 2376 dominicae
703 2330 985 2377 ascensionis
1015 2347 1169 2387 anno,
1197 2339 1283 2376 vu⁰
1309 2330 1401 2376 kal.
1421 2330 1651 2394 januarii,

248 2403 424 2454 factum
448 2415 532 2451 est.
561 2406 713 2452 Porro
737 2406 824 2451 viri
852 2407 1061 2453 timorati
1087 2424 1257 2470 corpus
1287 2406 1655 2471 protomartyris

251 2483 297 2527 in
324 2482 482 2528 villam
499 2482 765 2529 Gamalielis
782 2518 794 2539 ,
815 2501 921 2548 quae
941 2483 1301 2549 Caphargamala
1325 2483 1518 2542 dicitur,
1544 2501 1655 2548 por-

296 2732 344 2772 (ι)
371 2729 454 2762 Aci.
476 2736 592 2774 asma.
618 2742 668 2771 xi,
690 2730 802 2773 8-νιι,
823 2730 877 2776 59.
