1738 3043
673 225 824 263 LlRER
858 225 1065 264 PRIMUS.
1533 230 1582 265 δι’)

162 321 232 357 tos
251 310 394 365 vidit,
422 308 546 366 Noe,
573 307 738 353 Daniel
764 316 810 354 et
834 305 926 353 Job
949 308 1053 371 (ι),
1079 308 1125 352 in
1147 305 1321 372 quibus
1340 305 1585 371 designan-

161 398 240 434 tur
265 387 599 452 praedicatores
617 421 629 442 ,
654 386 958 432 continentes
983 395 1030 432 et
1050 386 1309 450 conjugati.
1341 384 1463 431 Nam
1483 386 1587 433 Noe

161 465 350 513 archam
378 466 425 512 in
452 464 591 511 undis
618 464 768 520 rexit,
799 464 999 529 ideoque
1023 463 1224 529 figuram
1250 475 1494 512 rectorum
1522 476 1591 512 tc-

161 544 285 591 nuit.
312 543 477 590 Daniel
503 542 552 588 in
579 542 680 588 aula
702 542 826 606 regia
851 541 1154 589 abstinentiae
1178 542 1363 590 deditus
1390 543 1484 590 fuit
1502 580 1514 602 ‚
1541 555 1589 590 et

162 621 268 669 ideo
294 622 441 667 vitam
467 620 823 667 continentium
848 619 1129 685 designavit.
1157 619 1250 667 Joh
1271 638 1384 668 vero
1406 622 1455 667 in
1478 638 1592 668 con-

155 700 290 765 jugio
309 700 515 764 positus,
539 709 587 746 et
610 716 773 745 euram
794 699 1005 763 propriae
1024 698 1195 746 domus
1216 717 1440 747 exercens
1453 736 1465 757 ‚
1490 702 1589 747 Deo

162 777 367 842 placuit3
408 796 494 842 per
529 795 672 842 quem
708 776 850 842 digne
886 776 1131 824 bonorum
1169 779 1430 842 conjugum
1469 778 1589 825 ordo

164 855 412 919 figuratur.

229 933 470 993 Quoniam
508 943 701 997 oportet
741 949 927 997 semper
962 950 1099 981 orare
1137 943 1183 980 et
1217 950 1316 980 non
1356 932 1586 993 deficere,

164 1012 397 1058 Dominus
420 1009 696 1076 parabolam
721 1011 779 1059 de
802 1011 940 1058 vidua
962 1012 1129 1076 ponit,
1158 1030 1268 1077 quae
1290 1012 1347 1059 de
1371 1011 1592 1059 adversa-

164 1090 238 1136 rio
275 1106 362 1136 suo
397 1089 635 1136 ultionem
669 1087 727 1135 ab
767 1089 936 1154 iniquo
962 1089 1121 1154 judice
1156 1089 1440 1153 postulavit3
1477 1090 1594 1136 assi-

165 1165 363 1232 duisque
382 1166 602 1231 precibus
617 1203 630 1224 ‚
649 1178 853 1232 propter
870 1167 1091 1225 taedium,
1112 1168 1244 1234 quod
1263 1166 1455 1233 petebat
1478 1186 1591 1233 per-

168 1244 405 1301 tinaciter,
436 1245 708 1309 impetravit
733 1246 826 1309 (2).

231 1321 460 1369 Oratione
483 1322 700 1386 pharisaei
722 1323 769 1369 in
793 1323 975 1388 templo
994 1333 1041 1370 et
1056 1322 1299 1388 publicani
1320 1324 1563 1388 proposita
1577 1360 1589 1380 ‚

164 1400 303 1447 docet
341 1418 442 1447 nou
472 1401 691 1464 jactanda
726 1401 924 1457 merita,
962 1401 1041 1448 sed
1076 1400 1349 1464 confitenda
1381 1412 1589 1465 peccata.

165 1477 285 1524 Boni
320 1477 500 1542 jugiter
534 1488 702 1535 orant,
742 1489 797 1524 ut
829 1477 887 1525 de
925 1478 1129 1525 inimicis
1163 1478 1309 1524 talem
1332 1477 1595 1525 vindictam

166 1553 419 1602 obtineant
463 1565 518 1601 ut
558 1571 724 1602 omues
764 1555 877 1602 mali
919 1566 1133 1620 pereant.
1177 1554 1376 1603 Duobus
1417 1556 1596 1621 quippe

166 1633 320 1680 modis
355 1634 467 1680 mali
501 1644 731 1698 pereunt,
770 1645 852 1680 aut
889 1636 1204 1682 conversione
1236 1634 1293 1681 ad
1323 1635 1590 1699 justitiam,

166 1721 247 1757 aut
270 1712 434 1758 amissa
460 1730 545 1776 per
569 1712 859 1777 supplicium
880 1713 1000 1760 male
1018 1712 1221 1760 faciendi
1245 1723 1478 1778 potestate
1500 1713 1592 1777 (3).

234 1789 541 1837 Tradendum
564 1809 612 1837 se
639 1791 951 1855 Jerosolymis
967 1826 979 1847 ,
1017 1808 1364 1856 passurumque
1381 1827 1393 1847 ,
1422 1791 1594 1839 Domi-

169 1885 259 1914 nus
295 1868 541 1932 praedicit;
578 1879 625 1915 et
642 1871 778 1932 juxta
809 1869 1001 1916 Jericho
1037 1870 1329 1916 mendicanti
1356 1871 1430 1933 (4)
1465 1888 1595 1917 secus

171 1946 296 1992 viam
318 1945 520 2002 audivit,
543 1956 671 1992 stans
695 1946 861 1992 adduci
883 1964 991 1992 eum
1011 1945 1067 1991 ad
1088 1964 1135 1993 se
1152 1946 1291 2003 fecit,
1313 1957 1361 1993 et
1379 1948 1594 2010 poscenti

172 2025 332 2071 lumen
358 2024 434 2089 pie
458 2025 668 2071 restituit
688 2024 782 2088 (5).

236 2101 575 2150 Perambulans
599 2101 814 2158 Jericho,
845 2100 1099 2149 Zachaeum
1131 2103 1402 2167 principem
1435 2102 1598 2167 publi-

170 2197 402 2227 canorum
438 2198 580 2244 super
607 2179 832 2227 arborem
867 2179 1012 2237 vidit,
1051 2191 1099 2227 et
1133 2181 1181 2227 in
1218 2183 1344 2244 ejus,
1373 2181 1455 2246 qui
1489 2181 1598 2227 satis

170 2257 463 2306 desiderabat
476 2276 584 2306 eum
601 2257 776 2315 videre,
791 2257 937 2306 domo
956 2259 1217 2324 hospitium
1230 2260 1452 2324 suscepit.
1471 2263 1599 2306 Mur-

173 2334 474 2383 murantibus
491 2337 517 2382 J
523 2335 693 2392 udaieis,
713 2338 844 2401 quod
863 2337 920 2384 ad
940 2336 1188 2384 hominem
1210 2337 1478 2385 divertisset
1494 2355 1600 2402 pec-

221 2562 272 2606 (1)
294 2561 424 2596 Ezecb.
446 2573 521 2605 xiv,
547 2563 599 2604 πά.
619 2582 660 2587 —-
681 2562 731 2607 (2)
751 2562 838 2597 Luc.
855 2574 938 2597 xvni
954 2590 962 2605 ‚
987 2563 1055 2599 1-8.
1076 2563 1186 2609 —(5)
1204 2565 1288 2600 Luc.
1304 2578 1408 2610 xvni,
1426 2571 1528 2614 9-14.

223 2621 273 2665 (4)
300 2620 361 2656 On
388 2627 516 2655 trouve
541 2620 613 2655 sibi
633 2620 763 2655 audire
789 2620 878 2656 dans
897 2621 1058 2668 Apulee3
1085 2623 1243 2658 audiens
1261 2623 1359 2659 dicto
1381 2628 1399 2660 ἐι
1419 2626 1600 2673 plusieurs

178 2679 332 2725 reprises
351 2679 441 2714 daus
459 2680 654 2715 Cornelius
673 2681 814 2728 Nepos,
835 2687 869 2715 ct
892 2681 1010 2716 meme
1028 2681 1118 2717 dans
1134 2683 1304 2717 Ciceron.

227 2737 276 2782 (5)
297 2741 427 2775 matth.
448 2753 509 2781 xx,
538 2739 663 2782 18-34·,
687 2741 796 2776 Marc.
820 2754 856 2785 x,
878 2740 1009 2785 32-52;
1026 2743 1111 2778 Luc.
1134 2755 1235 2788 xvm,
1256 2743 1379 2786 51-45.
