1738 3043
591 217 746 257 LIBER
772 217 1054 256 SECUNDUS.
1465 219 1544 258 247

114 299 192 345 sit.
222 297 408 346 Nimius
431 298 611 362 quippe
634 305 790 344 metus
817 305 865 343 et
897 296 1080 344 labores
1105 297 1224 361 passi
1246 308 1359 344 sunt
1375 333 1388 355 ,
1425 297 1542 345 dum

113 377 277 440 Syrtes
303 375 373 438 (ι)
412 373 709 430 inciderent,
752 382 800 421 et
838 374 969 419 navis
1004 383 1297 422 armamenta
1328 373 1543 440 disrupta

113 462 294 510 essent,
328 452 588 517 eademque
621 451 832 516 propriis
865 451 1087 499 manibus
1122 463 1169 500 et
1205 454 1421 500 triticum
1441 491 1454 513 ‚
1498 465 1547 502 et

112 530 202 578 alia
222 548 332 596 quae
357 530 558 595 puppim
581 527 851 576 onerabant
867 564 880 586 ,
906 530 1236 594 projecissent.
1265 532 1398 579 Inter
1423 533 1543 590 haec,

113 607 308 673 angelus
340 607 536 655 Domini
568 606 720 653 astitit
745 605 924 664 Paulo,
952 605 1114 654 dicens
1143 627 1154 653 :
1195 607 1315 656 Noli
1352 610 1542 669 timere,

113 686 304 742 Paule,·
339 685 532 733 Caesan'
560 696 604 731 te
629 695 815 751 oportet
845 687 1068 732 assistere
1077 706 1097 742 ,·
1127 697 1172 732 et
1202 703 1313 733 ecce
1345 687 1547 736 donavit

115 763 205 812 tibi
224 765 360 812 Deus
386 781 548 812 omnes
577 765 664 829 qui
684 767 918 829 navigant
945 775 1101 812 tecum
1121 765 1218 830 (2).

179 842 292 889 Post
306 841 627 907 naufragium,
643 859 753 889 cum
767 860 951 889 summa
968 841 1254 890 difficultate
1267 842 1325 890 ad
1345 843 1549 892 insulam

114 920 347 986 Mitylene
364 920 550 985 appulsi
575 931 716 979 sunt,
739 921 900 987 eisque
922 919 1117 968 barbari
1138 939 1360 988 magnam
1379 922 1551 969 huma-

114 999 316 1047 nitatem
345 997 714 1064 impenderunt3
743 1016 1036 1065 accensaque
1058 1017 1204 1065 pyra,
1231 1009 1435 1065 propter
1459 1001 1548 1047 im-

114 1075 253 1124 brem
297 1087 346 1124 et
389 1076 568 1142 frigus,
614 1075 907 1125 refecerunt.
957 1076 1029 1124 Ibi
1068 1077 1186 1124 dum
1223 1077 1395 1125 Paulus
1437 1077 1552 1126 foco

114 1165 350 1202 sarmenta
388 1156 627 1221 ingereret
646 1191 660 1214 ,
696 1166 744 1203 et
770 1156 933 1220 vipera
966 1173 1067 1220 prae
1094 1156 1252 1205 calore
1286 1155 1550 1221 procedens

114 1249 312 1279 manum
333 1235 434 1298 ejus
459 1233 734 1290 invaderet,
762 1231 954 1280 barbari
989 1231 1082 1281 hoc
1111 1233 1353 1281 intuentes
1388 1233 1548 1282 homi-

114 1308 269 1357 cidam
295 1310 432 1357 illum
475 1321 833 1368 asseverarunt,
874 1321 922 1359 ct
960 1329 1074 1359 mox
1114 1311 1412 1359 moriturum
1447 1312 1550 1360 sine

112 1387 265 1437 dubio
305 1389 525 1438 arbitrati
569 1400 699 1437 sunt.
744 1391 848 1455 Ipse
889 1407 1005 1437 vero
1048 1390 1262 1454 viperam
1300 1391 1351 1437 in
1387 1390 1548 1456 ignem

106 1469 333 1533 jactavit,
359 1479 407 1516 et
425 1467 715 1516 mirantibus
737 1468 923 1515 cunctis
947 1466 1071 1515 nihil
1095 1467 1207 1514 mali
1227 1467 1431 1532 pertulit
1449 1469 1545 1533 (3).

178 1546 378 1595 Publius
416 1548 642 1612 princeps
674 1546 844 1594 insulae
872 1548 1075 1611 jactatos
1100 1546 1216 1593 illuc
1250 1546 1415 1594 triduo
1459 1547 1549 1594 be-

114 1625 260 1691 nigne
281 1625 506 1690 suscepit.
539 1625 710 1675 Paulus
734 1642 849 1673 vero
866 1624 924 1671 ad
943 1634 1129 1690 patrem
1147 1623 1307 1672 Publii
1329 1623 1547 1673 febribus

112 1713 162 1751 et
198 1703 493 1769 dyssenteria
540 1712 764 1750 vexatum
801 1703 1002 1750 intravit
1016 1723 1031 1761 3
1075 1713 1124 1752 et
1165 1721 1275 1750 cum
1320 1720 1463 1751 orans
1504 1704 1546 1751 ei

114 1799 282 1830 manus
318 1782 650 1847 imposuisset,
686 1781 899 1828 salvavit.
939 1782 1035 1829 Alii
1067 1799 1264 1848 quoque
1306 1782 1543 1840 insulani,

113 1860 197 1925 qui
239 1857 628 1915 infirmabantur,
664 1857 952 1906 accedebant
988 1858 1047 1905 ad
1085 1876 1198 1906 eum
1228 1869 1276 1906 et
1312 1858 1546 1906 curaban-

118 1948 215 1984 tur.
245 1936 409 1985 Multis
436 1953 552 2001 ergo
583 1935 838 2000 naufragos
868 1934 1137 1984 honoribus
1167 1952 1258 2000 pro
1285 1935 1417 1982 Pauli
1441 1952 1546 1982 me·-

115 2017 220 2063 ritis
252 2014 640 2072 honoraverunt,
673 2023 722 2062 et
759 2011 1095 2078 navigantibus
1133 2031 1241 2078 quae
1287 2014 1544 2061 necessaria

115 2103 252 2143 erant
267 2094 618 2158 imposuerunt.
636 2096 747 2140 Post
763 2100 857 2139 trcs
872 2108 1073 2148 menses,
1090 2091 1139 2137 in
1156 2107 1325 2138 navem
1345 2090 1546 2138 Alexan-

113 2172 341 2230 drinam,
374 2189 483 2237 quae
519 2171 568 2217 in
604 2170 756 2218 insula
798 2169 1122 2227 hiemaverat,
1164 2169 1359 2235 ingressi
1398 2180 1542 2226 sunt,

117 2251 312 2316 Deoque
343 2249 572 2307 ducente,
604 2266 704 2297 non
731 2248 888 2296 multo
912 2257 1022 2313 post
1048 2248 1252 2295 Romam
1276 2256 1541 2304 venerunt,

114 2341 165 2377 ct
202 2328 399 2395 quidam
437 2346 494 2376 ex
512 2327 796 2385 ,fratribus,
833 2326 1043 2375 adventu
1083 2326 1215 2373 Pauli
1257 2336 1541 2391 comperto,

116 2409 409 2474 gratulantes
444 2417 780 2454 occurrerunt.
816 2404 887 2453 Ibi
926 2405 1074 2454 Paulo
1100 2403 1190 2451 sibi
1217 2422 1409 2452 manere
1434 2422 1544 2451 cum

166 2621 217 2665 (ι)
243 2621 340 2655 Lisez
366 2637 370 2654 :
394 2622 431 2655 ιἠ.
455 2620 599 2667 Syvtcs.

167 2678 218 2722 (2)
245 2680 316 2713 Act
365 2687 470 2725 apost
519 2691 601 2713 xxv.
646 2688 812 2719 irxxxu,
845 2679 898 2718 ’24-
931 2675 997 2712 (siu
1022 2676 1031 2715 )
1059 2696 1103 2702 -
1131 2673 1180 2719 (3)
1208 2673 1307 2710 llud.
1340 2685 1452 2715 xxvii,
1488 2671 1548 2706 25<

125 2749 247 2774 uvm,
271 2738 304 2771 G.
325 2739 410 2784 (450.)
