1738 3043
199 250 275 287 :348
563 247 805 285 Itls'sORIA
837 247 1238 286 ECCLESIAS'I'ICA.

200 327 463 390 passionem
488 325 678 370 Domini
707 342 834 370 anno
859 342 965 370 cum
998 324 1142 372 Paulo
1169 326 1217 371 in
1242 324 1463 390 gentibus
1494 344 1612 392 apo-

202 404 425 448 stolatum
444 401 637 465 adeptus
656 411 723 448 est
743 403 832 466 (1).
854 402 940 448 llic
961 421 1014 448 ex
1037 419 1168 448 Lxxu
1185 401 1423 467 discipulis
1439 402 1612 451 Christi

204 496 326 524 unus
358 478 475 534 suit,
507 489 551 524 ct
590 479 636 525 in
670 478 789 525 laetis
812 479 884 526 vel
911 478 1124 525 tristibus
1151 497 1260 525 cum
1283 479 1506 544 apostolis
1528 480 1615 528 de-

203 557 329 620 guit,
359 567 406 603 et
428 556 686 603 secundum
709 573 886 603 nomen
911 574 1048 603 suum
1075 556 1447 604 consolationem
1470 558 1617 604 maxi-

204 652 330 680 mam
351 633 651 681 credentibus
677 633 902 698 praebuit.

270 714 322 758 In
346 712 512 776 primis
538 730 646 758 eum
671 711 865 759 haberet
891 730 1055 777 agrum
1070 748 1083 770 ‚
1104 712 1317 760 vendidit
1340 722 1387 760 et
1409 712 1617 777 pretium

205 800 313 838 ante
348 790 484 854 pedes
514 791 840 855 apostolorum
864 791 1039 854 posuit.
1066 790 1263 837 Paulum
1286 801 1396 855 post
1417 807 1620 838 conver-

207 868 388 915 sionem
429 869 740 915 amicabiliter
777 867 1117 932 apprehendit,
1155 886 1207 914 ac
1251 867 1307 914 ad
1349 867 1617 933 apostolos,

207 945 381 1010 quibus
400 946 551 993 adhuc
574 948 762 1012 ignotus
782 957 829 992 et
845 956 1084 1010 suspectus
1103 956 1227 1000 erat,
1247 946 1410 1005 duxit„
1433 947 1623 994 seriem-

207 1041 299 1088 que
331 1025 590 1071 vocationis
626 1027 722 1088 ejus
755 1023 1074 1071 nescientibus
1108 1025 1360 1072 enarravit.
1397 1024 1471 1072 Ab
1505 1042 1624 1089 apo-

209 1103 339 1149 stolis
373 1103 678 1149 Antiochiam
708 1103 874 1149 missus
907 1113 1002 1163 est,
1029 1102 1189 1167 ibique
1217 1103 1418 1167 gratiam
1442 1103 1525 1150 Dei
1548 1103 1624 1150 vi-

209 1179 323 1227 dens
358 1181 403 1226 in
439 1180 679 1244 discipulis
708 1181 889 1245 gavisus
919 1191 1015 1237 est,
1043 1190 1090 1227 et
1112 1179 1334 1229 hortante
1366 1181 1448 1228 illo
1473 1180 1621 1228 multa

209 1256 348 1302 turba
385 1258 593 1305 Domino
629 1258 839 1321 apposita
875 1267 960 1304 est.
1001 1256 1115 1304 Inde
1147 1257 1389 1321 profectus
1419 1257 1625 1304 Tarsum

211 1353 425 1399 quaerere
444 1335 635 1381 Saulum
652 1371 664 1391 ‚
690 1336 1032 1401 inventumque
1050 1334 1272 1399 perduxit
1291 1334 1593 1382 Antiochiam
1609 1371 1623 1393 ,

213 1424 258 1459 et
298 1413 473 1461 ibidem
513 1433 597 1479 per
641 1425 796 1462 totum
836 1432 1015 1460 annum
1059 1415 1322 1462 conversati
1360 1414 1628 1462 docuerunt

214 1491 402 1538 turbam
439 1492 654 1538 multam.
695 1493 833 1538 Tunc
870 1490 935 1537 ibi
976 1491 1192 1556 discipuli
1230 1492 1440 1555 primum
1474 1491 1626 1540 vocati

214 1581 325 1616 sunt
351 1569 606 1616 Christiani
633 1571 727 1633 (Ἃ).

277 1647 511 1694 Barnabas
528 1658 574 1694 et
591 1647 774 1704 Saulus,
797 1648 907 1712 quia
926 1646 1253 1695 misericordes
1271 1656 1407 1694 erant
1424 1656 1469 1694 et
1490 1645 1628 1694 beni-

215 1726 306 1772 xoli
323 1763 333 1783 ,
361 1727 681 1791 eleemosynas
705 1726 1000 1773 credentium
1027 1743 1081 1771 ex
1102 1724 1322 1789 gentibus
1342 1726 1392 1771 in
1417 1725 1628 1772 Judaeam

217 1802 443 1849 fratribus
464 1803 755 1850 detulerunt.
776 1803 1030 1867 Postquam
1051 1800 1110 1847 ab
1128 1801 1436 1866 Jerosolymis
1454 1803 1627 1849 reversi

217 1891 327 1927 sunt
346 1881 533 1946 expleto
551 1880 844 1939 ministerio,
863 1889 1104 1943 assumpto
1123 1879 1328 1935 Joanne,
1350 1879 1433 1943 qui
1454 1896 1630 1944 cogno-

216 1959 423 2004 minatus
447 1969 516 2005 est
540 1958 753 2017 Marcus,
779 1967 915 2004 erant
935 1955 1203 2003 Antiochiae
1228 1956 1352 2003 inter
1375 1954 1630 2021 prophetas

217 2047 264 2082 ct
294 2036 529 2083 doctores.
565 2033 948 2082 Ministrantibus
979 2034 1069 2081 illis
1092 2034 1302 2081 Domino
1334 2043 1382 2080 et
1404 2035 1628 2098 jejunan-

223 2112 375 2170 tibus,
407 2113 527 2159 dixit
558 2113 762 2176 Spiritus
791 2113 989 2158 Sanctus
1018 2131 1027 2156 :
1061 2111 1323 2176 Segregate
1354 2110 1476 2157 milti
1498 2111 1629 2158 Bar-

220 2191 399 2237 nabam
433 2203 476 2237 et
511 2190 717 2237 saulum
757 2192 806 2236 in
841 2208 961 2256 opus
1003 2190 1072 2235 cul
1099 2189 1232 2253 qaod
1259 2189 1502 2253 assumpsi
1529 2205 1626 2235 eos.

222 2270 349 2315 Missi
369 2268 559 2333 quidem
579 2287 602 2313 a
624 2269 806 2332 Spiritu
826 2268 998 2313 Sancto
1019 2267 1276 2314 Seleuciam
1298 2276 1534 2313 venerunt
1548 2301 1560 2322 ‚
1583 2275 1630 2313 et

223 2346 330 2392 inde
354 2347 566 2410 Cyprum
587 2346 942 2409 navigaverunt.
966 2345 1220 2409 Postquam
1239 2343 1407 2408 BarJeu
1430 2343 1504 2407 (3)
1527 2360 1630 2388 ma-

219 2441 330 2488 gum
347 2459 359 2479 ,
381 2424 462 2487 qui
486 2434 533 2468 et
556 2424 746 2487 Elymas
767 2422 1028 2479 dicebatur,
1050 2422 1230 2469 lumine
1249 2420 1305 2467 ad
1327 2432 1509 2484 tempus
1533 2420 1628 2483 pri-

222 2510 416 2555 varunt,
460 2509 506 2545 et
545 2499 759 2564 Sergium
795 2499 993 2546 Paulum
1017 2498 1350 2563 proconsulem
1383 2496 1440 2542 ad
1469 2513 1628 2543 veram

266 2695 315 2738 (¹)
345 2694 425 2727 Act.
448 2699 563 2738 apost.
588 2705 633 2733 iv,
655 2692 709 2727 56.
726 2695 833 2738 -—('2)
853 2693 947 2728 [bid.
973 2705 1019 2737 ιν,
1041 2691 1156 2739 57-1x,
1182 2702 1296 2738 27⁴1,
1319 2688 1442 2724 22-26.

265 2751 313 2795 17))
342 2752 437 2786 Lisez
461 2768 466 2785 τ
494 2751 659 2798 ΙίηιῘιτΠμ
