1738 3043
538 231 689 270 LlBER
718 231 827 269 §ECI
851 232 996 271 NDUS.
1410 239 1481 276 271

64 309 229 357 oculos
270 309 449 373 tetigit,
487 319 534 355 et
575 309 652 355 ille
693 311 852 355 statim
891 310 1052 357 lumen
1089 312 1282 375 recepit.
1318 313 1484 361 Deme-

66 389 203 445 trias,
225 388 400 452 primas
417 386 548 433 urbis
572 389 1007 452 Amasae01²um(1),
1031 388 1201 435 auditis
1215 390 1358 455 signis
1376 409 1484 456 quae

64 464 264 512 faciebat
292 465 340 510 in
365 466 561 512 nominc
584 463 757 511 Christi
774 501 787 522 ,
816 483 924 511 Cum
952 466 1173 531 lacrymis
1198 467 1406 531 procidit
1428 469 1484 515 ad

64 543 201 606 peiles
237 543 470 607 apostoli,
511 554 564 588 ut
600 560 803 606 puerum
844 545 1126 608 Aigyptium
1164 544 1251 591 sibi
1289 548 1481 603 rivum,

62 638 207 685 quem
225 620 369 667 febris
387 625 674 677 extinxerat,
694 621 929 669 redderet.
950 623 1079 668 Mitis
1093 625 1332 687 apostolus
1350 626 1482 672 ilenti

63 696 342 754 condoluit,
364 699 421 745 ad
445 697 641 745 domum
666 699 820 745 luctus
841 717 951 745 cum
976 717 1031 746 eo
1053 704 1289 764 perrexit,
1314 713 1360 748 ct
1380 721 1484 749 ora-

64 775 195 822 tione
233 774 352 821 facta
397 792 515 839 puer
555 793 711 840 sospes
753 775 1007 823 confestim
1040 779 1264 824 surrexit.
1310 779 1484 825 Omnes

61 853 145 918 qui
178 851 268 900 hoc
294 853 519 901 viderunt
544 853 689 900 laetati
723 863 859 911 sunt,
898 864 944 902 et
979 855 1222 903 credentes
1258 854 1482 921 baptizati

61 940 190 978 sunt.

125 1008 364 1056 Sostratus
397 1026 518 1074 puer
552 1007 862 1067 christianus,
890 1027 913 1056 a
941 1020 1091 1059 matre
1123 1029 1202 1058 sua
1240 1013 1484 1076 impetitus·

59 1085 118 1133 ad
153 1097 399 1152 stuprum,
440 1088 660 1153 confugit
697 1088 754 1134 ad
792 1089 1092 1152 apostolum3
1138 1102 1185 1138 et
1225 1091 1329 1150 illa,
1374 1092 1483 1139 felle

60 1175 320 1222 commota,
342 1182 503 1212 eoram
518 1166 805 1231 proconsule
824 1167 1006 1214 crimen
1024 1169 1225 1232 projecit
1242 1169 1289 1215 in
1309 1169 1478 1216 filium.

61 1244 270 1291 Tacente
287 1261 439 1308 puero
457 1261 557 1309 prae
582 1243 866 1291 verecundia
880 1281 894 1302 ,
915 1256 1102 1291 sanctus
1119 1245 1256 1292 illum
1270 1246 1482 1295 Andreas

60 1322 327 1379 excusavit,
359 1334 407 1369 et
441 1322 725 1388 impudicam
752 1322 809 1370 de
834 1323 1014 1389 flagitio
1040 1325 1198 1389 palam
1220 1325 1478 1392 redarguit.

59 1400 323 1449 Proconsul
351 1401 518 1458 iratus,
553 1402 692 1465 jussit
722 1419 927 1466 puerum
955 1404 1004 1449 in
1037 1404 1191 1451 culleo
1217 1406 1288 1468 (2)
1323 1407 1482 1469 parri-

59 1477 178 1526 cidae
210 1478 389 1525 recludi
425 1489 473 1525 et
503 1480 552 1526 in
586 1479 764 1527 flumen
791 1481 991 1545 projici,
1028 1482 1268 1530 Andream
1293 1501 1407 1531 vero
1434 1486 1481 1531 in

59 1573 296 1604 carcerem
315 1556 459 1603 trudi.
481 1557 658 1605 Orante
680 1558 921 1622 apostolo,
946 1570 1086 1607 terrae
1103 1571 1263 1608 motus
1281 1580 1481 1627 magnus

61 1652 171 1681 cum
202 1635 388 1682 tonitru
417 1637 546 1701 gravi
576 1636 728 1683 factus
760 1648 829 1684 est
848 1673 859 1692 ,
894 1649 941 1685 et
982 1638 1242 1702 proconsul
1283 1639 1340 1687 de
1376 1639 1482 1688 sede

60 1711 259 1770 cecidit,
299 1723 348 1760 et
378 1714 550 1780 reliqui
583 1732 749 1763 omnes
776 1726 917 1763 terrae
943 1715 1293 1764 decubuerunt.
1330 1718 1484 1765 Mater

59 1808 174 1840 vero
204 1792 338 1856 pueri
373 1810 590 1856 percussa
621 1794 746 1840 aruit
780 1804 826 1841 et
853 1805 1041 1841 mortua
1074 1805 1160 1842 est.
1192 1797 1332 1841 Tunc
1362 1814 1482 1859 pro-

60 1868 256 1925 consul,
296 1880 563 1933 prostratus
592 1871 794 1934 apostoli
823 1870 1053 1935 pedihus,
1097 1873 1162 1917 ait
1202 1892 1212 1917 :
1253 1873 1483 1919 flIiserere

53 1946 396 2012 pereuntibus,
421 1945 622 2008 famule
661 1948 783 2007 Dei,
828 1966 888 1994 ne
928 1967 1015 1995 nos
1058 1960 1183 1994 terra
1224 1948 1478 2013 deglutiat.

61 2024 239 2072 Orante
257 2024 476 2088 apostolo
493 2061 505 2081 ,
531 2035 669 2073 terrae
689 2037 847 2075 motus
866 2027 1059 2074 cessavit
1073 2062 1086 2085 ‚
1115 2028 1340 2073 serenitas
1363 2029 1481 2074 acris

61 2100 205 2148 rediit
223 2137 235 2158 ,
260 2112 307 2148 et
332 2102 429 2165 ipsc
449 2100 666 2150 turbatos
691 2104 975 2151 circumiens
1001 2103 1197 2149 sanavit.
1219 2104 1482 2151 Proconsul

61 2195 175 2226 vero
199 2178 401 2226 verbum
427 2180 510 2227 Dei
536 2182 764 2246 suscepit,
806 2191 853 2228 et
893 2199 1004 2228 cum
1042 2181 1175 2229 omni
1214 2181 1361 2229 domo
1403 2201 1481 2229 sua

62 2256 257 2304 credens
291 2257 339 2303 in
377 2257 640 2306 Dominum
668 2295 681 2316 ,
727 2258 786 2306 ab
822 2259 1040 2325 apostolo
1083 2258 1349 2325 baptizatus
1391 2272 1477 2308 est.

111 2505 161 2551 (ι)
188 2506 250 2543 On
275 2520 319 2542 nc
338 2508 484 2542 connait
507 2509 611 2555 point
634 2507 679 2542 de
697 2507 779 2543 ville
804 2507 849 2543 de
873 2521 913 2543 ee
937 2521 1022 2544 nom
1040 2509 1131 2545 dans
1148 2510 1332 2554 l’Acha'i'e;
1355 2511 1378 2546 il
1402 2524 1446 2545 en
1466 2526 1483 2545 a

65 2565 177 2601 existe
206 2566 406 2614 plusieurS,
442 2568 530 2603 mais
559 2567 644 2602 elles
674 2568 810 2603 etaient
839 2575 959 2604 tontes
989 2570 1123 2605 situees
1153 2569 1242 2605 dans
1273 2570 1380 2606 l’Asic
1413 2572 1481 2605 Mi-

67 2636 191 2660 neure.

112 2684 163 2727 (2)
187 2683 252 2719 Sac
272 2685 317 2719 de
332 2686 410 2720 cuir
429 2686 518 2721 dans
533 2685 651 2734 loquo!
666 2698 713 2721 on
731 2686 924 2721 ensermait
941 2687 991 2722 les
1004 2687 1202 2734 parricides
1219 2699 1311 2735 pour
1328 2688 1376 2721 les
1392 2688 1486 2733 jem·

70 2742 88 2774 a
107 2740 209 2775 l'eau.
