1738 3043
243 232 322 268 ‘200
607 226 847 264 HISTORIA
878 226 1278 265 ECCLESIASTICA.

244 318 375 356 runt.
409 306 621 353 Tandem
647 305 860 352 auditum
889 317 957 353 est
982 305 1110 371 quod
1133 306 1212 371 qui
1237 305 1575 371 quaerebantur
1599 308 1648 355 in

244 386 423 450 templo
441 383 684 431 docerent.
707 383 843 430 Tunc
862 385 1158 448 magistratus
1176 402 1284 430 cum
1300 384 1529 431 ministris
1546 385 1649 435 illos

243 466 343 511 sine
366 464 408 509 vi
434 462 642 509 adduxit.
671 462 925 509 Timebant
948 463 1074 509 enim
1105 462 1363 526 populum,
1392 480 1453 510 ne
1477 461 1651 527 lapida-

244 552 427 587 rentur.
450 540 673 603 Princeps
701 537 992 586 sacerdotum
1017 549 1214 587 statutos
1241 539 1287 585 in
1315 539 1519 587 concilio
1542 540 1652 587 red-

244 619 422 683 arguit,
443 617 571 683 quod
589 617 824 664 contraria
850 616 935 662 sibi
957 616 1171 663 doctrina
1192 617 1448 680 replessent
1464 618 1651 664 Jerusa-

243 695 335 742 lem
351 705 516 743 contra
531 694 744 759 generale
761 694 1002 740 decretum
1019 694 1278 740 seniorum.
1300 692 1514 757 Apostoli
1537 710 1649 758 ergo

243 771 591 835 responderunt
614 789 623 815 ε
655 770 859 816 Obeclire
883 781 1062 835 oportet
1089 771 1194 816 Deo
1221 771 1379 834 magis
1399 787 1544 834 quam
1565 768 1652 816 ho-

243 849 468 895 minibus.
505 849 634 894 Deus
657 859 853 914 patrum
887 860 1151 894 nostrorum
1182 849 1429 894 suscitavit
1450 846 1619 893 Jesum
1632 884 1649 906 ,

243 943 379 990 quem
410 944 496 971 vos
527 925 849 978 interemistis,
885 924 1227 989 suspendentes
1255 926 1303 969 ιή
1327 924 1476 988 ligno.
1509 924 1556 969 H
1561 941 1654 970 unc

243 1003 375 1048 Deus
391 1003 661 1067 principem
695 1012 738 1046 el
765 1002 1049 1047 salvatorem
1077 1000 1308 1046 exaltavit
1336 1000 1536 1046 dextera
1560 1016 1653 1047 sua

243 1080 313 1125 ad
339 1079 558 1124 clunclctm
581 1079 910 1142 paenitentiam
945 1078 1100 1124 Israel
1126 1088 1169 1123 et
1194 1078 1516 1123 remissionem
1539 1094 1654 1142 pec-

244 1167 476 1201 catorum.
511 1157 577 1201 Et
612 1174 697 1202 nos
734 1173 896 1201 szmzus
933 1166 1067 1201 testes
1099 1154 1266 1200 horum
1299 1153 1574 1210 verborum,
1612 1163 1656 1198 et

244 1232 457 1297 Spiritus
482 1231 519 1277 S
522 1243 716 1287 anctus,
741 1249 879 1296 quem
899 1230 1033 1277 dedit
1050 1231 1181 1276 Deus
1200 1230 1419 1276 omnibus
1438 1228 1656 1276 obedien-

245 1311 368 1356 tibus
393 1309 502 1356 sibi.
525 1310 637 1356 Haec
663 1327 770 1355 cum
790 1309 1054 1365 audissent,
1078 1307 1429 1355 dissecabantur
1453 1315 1500 1354 et
1524 1306 1656 1371 cogi-

247 1387 410 1433 tabant
435 1387 699 1434 interficere
723 1387 825 1434 illos
849 1386 941 1449 (1).

311 1465 447 1510 Tunc
474 1463 698 1509 Gamaliel
726 1463 981 1527 pharisaeus
998 1498 1011 1520 ‚
1039 1474 1086 1509 et
1111 1462 1223 1527 legis
1245 1462 1414 1509 doctor
1445 1459 1658 1509 honora-

244 1541 352 1587 bilis
376 1542 605 1588 universae
631 1540 786 1605 plebi,
818 1542 864 1586 in
898 1540 1101 1587 concilio
1126 1539 1354 1596 surrexit,
1384 1548 1431 1585 et
1461 1537 1657 1586 remotis

245 1619 493 1683 apostolis,
522 1617 772 1664 subvenire
796 1617 885 1662 illis
909 1617 1095 1673 volens,
1119 1617 1272 1680 palam
1291 1615 1529 1662 recensuit
1552 1632 1659 1680 qua·

244 1697 354 1742 liter
379 1707 487 1742 ante
514 1713 685 1759 paucos
712 1695 807 1741 dies
832 1693 1044 1741 Theodas
1075 1710 1183 1739 cum
1207 1710 1320 1739 cccc
1348 1690 1658 1755 complicibus

248 1774 295 1819 in
335 1772 538 1818 nihilum
571 1770 785 1817 redactus
817 1770 992 1826 suerit,
1033 1769 1173 1817 Judas
1208 1786 1401 1834 quoque
1436 1767 1659 1815 Galilaeus

247 1868 356 1897 cum
384 1850 501 1905 suis,
530 1850 612 1913 qui
643 1849 874 1912 populum
901 1847 1174 1895 avertebant
1195 1857 1303 1912 post
1324 1864 1398 1903 se,
1423 1847 1471 1893 in
1495 1845 1659 1893 diebus

246 1927 552 1992 professionis
566 1927 776 1990 perierit.
790 1926 1003 1974 Tandem
1019 1927 1214 1991 prolatis
1229 1924 1496 1990 hujusmodi
1511 1941 1660 1972 exem·

247 2006 359 2070 plis,
384 2005 504 2050 dixit
525 2022 534 2047 :
554 2004 700 2050 Nunc
722 2006 884 2068 itaque
906 2004 1017 2051 dico
1037 2004 1172 2051 vobis
1191 2023 1201 2050 .·
1223 2003 1471 2050 Discedite
1492 2002 1553 2049 ab
1578 2001 1660 2048 ho—

246 2083 453 2129 minibus
474 2083 600 2140 istis,
626 2093 669 2127 et
688 2084 828 2128 sinite
851 2083 982 2137 illos;
1008 2084 1239 2147 quoniam
1265 2083 1310 2128 si
1330 2092 1399 2128 est
1420 2099 1482 2128 ex·
1507 2081 1660 2128 homi-

245 2161 386 2207 nibus
421 2160 675 2206 consilium
704 2160 794 2207 hoc·
829 2171 915 2206 aut
943 2178 1064 2225 opus
1078 2198 1093 2218 ,
1126 2159 1417 2206 dissolvetur.
1455 2157 1514 2205 Si
1543 2174 1659 2204 vero

247 2258 308 2284 ez·
339 2239 440 2283 Deo
473 2249 694 2294 est,-n0n
719 2239 931 2302 poteritis
966 2237 1221 2282 dissolvere
1250 2254 1356 2293 eos,
1388 2253 1447 2282 ne
1453 2233 1588 2300 forte
1613 2243 1659 2281 et

247 2317 352 2361 Deo
378 2331 647 2378 repugnare
665 2314 949 2360 videamini.
978 2314 1060 2358 His
1086 2313 1254 2359 auditis
1271 2349 1284 2371 ,
1312 2313 1379 2359 illi
1406 2328 1659 2360 consense-

248 2401 385 2445 runt,
410 2400 455 2435 et
481 2388 718 2452 apostolos
749 2401 1086 2445 convocantes,
1109 2391 1237 2436 caesis
1257 2387 1660 2436 denuntiaverunt

249 2484 307 2513 ne
335 2467 646 2530 loquerentur
677 2467 723 2511 in
756 2467 949 2513 nomine
985 2468 1116 2527 Jesu‚
1149 2483 1320 2531 eosque
1352 2465 1653 2513 dimiserunt.

294 2715 342 2757 (1)
369 2713 454 2746 Act.
474 2719 591 2756 apost.
611 2725 643 2754 v,
670 2710 786 2758 17-33.
808 2713 948 2755 (Annee
966 2711 1010 2747 53
1028 2712 1072 2747 dc
1087 2712 1172 2746 l’erc
1189 2711 1431 2754 cliretienne.)
