<?xml version="1.0" encoding="UTF-8"?>
<!DOCTYPE html PUBLIC "-//W3C//DTD XHTML 1.0 Transitional//EN"
    "http://www.w3.org/TR/xhtml1/DTD/xhtml1-transitional.dtd">
<html xmlns="http://www.w3.org/1999/xhtml" xml:lang="en" lang="en">
 <head>
  <title>
</title>
<meta http-equiv="Content-Type" content="text/html;charset=utf-8" />
  <meta name='ocr-system' content='tesseract 3.04.00' />
  <meta name='ocr-capabilities' content='ocr_page ocr_carea ocr_par ocr_line ocrx_word'/>
</head>
<body>
  <div class='ocr_page' id='page_1' title='image "./ordericivitalish01ordeuoft/ordericivitalish01ordeuoft_0067.png"; bbox 0 0 1738 3043; ppageno 0'>
   <div class='ocr_carea' id='block_1_1' title="bbox 118 207 1558 1365">
    <p class='ocr_par' dir='ltr' id='par_1_1' title="bbox 138 207 1555 427">
     <span class='ocr_line' id='line_1_1' title="bbox 651 207 1548 251; baseline 0.004 -5"><span class='ocrx_word' id='word_1_1' title='bbox 651 207 803 246; x_wconf 84' lang='lat' dir='ltr'>LIBER</span> <span class='ocrx_word' id='word_1_2' title='bbox 835 208 1041 248; x_wconf 84' lang='lat' dir='ltr'>PRIMUS.</span> <span class='ocrx_word' id='word_1_3' title='bbox 1505 218 1548 251; x_wconf 75' lang='lat'>51</span> 
     </span>
     <span class='ocr_line' id='line_1_2' title="bbox 139 286 1555 354; baseline 0.002 -20"><span class='ocrx_word' id='word_1_4' title='bbox 139 287 356 352; x_wconf 88' lang='lat' dir='ltr'>exemplo</span> <span class='ocrx_word' id='word_1_5' title='bbox 386 287 605 351; x_wconf 82' lang='lat' dir='ltr'>depellit,</span> <span class='ocrx_word' id='word_1_6' title='bbox 641 286 875 350; x_wconf 83' lang='lat' dir='ltr'>gaudente</span> <span class='ocrx_word' id='word_1_7' title='bbox 905 289 1084 352; x_wconf 90' lang='lat' dir='ltr'>populo</span> <span class='ocrx_word' id='word_1_8' title='bbox 1115 289 1172 336; x_wconf 90' lang='lat' dir='ltr'>de</span> <span class='ocrx_word' id='word_1_9' title='bbox 1206 290 1424 354; x_wconf 82' lang='lat' dir='ltr'>gloriosis</span> <span class='ocrx_word' id='word_1_10' title='bbox 1459 294 1555 354; x_wconf 84' lang='lat' dir='ltr'>ejus</span> 
     </span>
     <span class='ocr_line' id='line_1_3' title="bbox 138 363 489 427; baseline -0.003 -17"><span class='ocrx_word' id='word_1_11' title='bbox 138 363 376 410; x_wconf 79' lang='lat' dir='ltr'>miraculis</span> <span class='ocrx_word' id='word_1_12' title='bbox 397 364 489 427; x_wconf 87' lang='lat'>(1).</span> 
     </span>
    </p>

    <p class='ocr_par' dir='ltr' id='par_1_2' title="bbox 118 440 1558 1365">
     <span class='ocr_line' id='line_1_4' title="bbox 209 440 1556 507; baseline 0.004 -21"><span class='ocrx_word' id='word_1_13' title='bbox 209 441 427 506; x_wconf 80' lang='lat' dir='ltr'>Regnum</span> <span class='ocrx_word' id='word_1_14' title='bbox 473 440 558 487; x_wconf 92' lang='lat' dir='ltr'>Dei</span> <span class='ocrx_word' id='word_1_15' title='bbox 606 457 755 505; x_wconf 87' lang='lat' dir='ltr'>grano</span> <span class='ocrx_word' id='word_1_16' title='bbox 804 441 979 506; x_wconf 90' lang='lat' dir='ltr'>sinapis</span> <span class='ocrx_word' id='word_1_17' title='bbox 1027 458 1304 507; x_wconf 89' lang='lat' dir='ltr'>comparans</span> <span class='ocrx_word' id='word_1_18' title='bbox 1358 455 1405 492; x_wconf 93' lang='lat' dir='ltr'>et</span> <span class='ocrx_word' id='word_1_19' title='bbox 1457 445 1556 493; x_wconf 86' lang='lat' dir='ltr'>fer-</span> 
     </span>
     <span class='ocr_line' id='line_1_5' title="bbox 135 518 1555 586; baseline 0.005 -21"><span class='ocrx_word' id='word_1_20' title='bbox 135 530 330 577; x_wconf 89' lang='lat' dir='ltr'>mento,</span> <span class='ocrx_word' id='word_1_21' title='bbox 371 518 429 566; x_wconf 90' lang='lat' dir='ltr'>de</span> <span class='ocrx_word' id='word_1_22' title='bbox 463 528 658 584; x_wconf 84' lang='lat' dir='ltr'>angusta</span> <span class='ocrx_word' id='word_1_23' title='bbox 697 535 890 585; x_wconf 88' lang='lat' dir='ltr'>quoque</span> <span class='ocrx_word' id='word_1_24' title='bbox 926 520 1036 567; x_wconf 90' lang='lat' dir='ltr'>vitae</span> <span class='ocrx_word' id='word_1_25' title='bbox 1075 522 1143 566; x_wconf 86' lang='lat' dir='ltr'>via</span> <span class='ocrx_word' id='word_1_26' title='bbox 1179 540 1442 586; x_wconf 89' lang='lat' dir='ltr'>paucorum</span> <span class='ocrx_word' id='word_1_27' title='bbox 1478 524 1555 572; x_wconf 95' lang='lat' dir='ltr'>lo-</span> 
     </span>
     <span class='ocr_line' id='line_1_6' title="bbox 133 597 1558 669; baseline 0.004 -25"><span class='ocrx_word' id='word_1_28' title='bbox 133 615 283 663; x_wconf 89' lang='lat' dir='ltr'>quens</span> <span class='ocrx_word' id='word_1_29' title='bbox 325 619 335 644; x_wconf 89' lang='lat'>:</span> <span class='ocrx_word' id='word_1_30' title='bbox 376 599 562 656; x_wconf 77' lang='lat' dir='ltr'>Erunt,</span> <span class='ocrx_word' id='word_1_31' title='bbox 606 597 794 663; x_wconf 85' lang='lat' dir='ltr'>inquit,</span> <span class='ocrx_word' id='word_1_32' title='bbox 834 600 1084 647; x_wconf 70' lang='lat' dir='ltr'>novissimi</span> <span class='ocrx_word' id='word_1_33' title='bbox 1106 603 1289 666; x_wconf 75' lang='lat' dir='ltr'>primi,</span> <span class='ocrx_word' id='word_1_34' title='bbox 1329 615 1373 648; x_wconf 84' lang='lat' dir='ltr'>et</span> <span class='ocrx_word' id='word_1_35' title='bbox 1401 605 1558 669; x_wconf 67' lang='lat' dir='ltr'>primi</span> 
     </span>
     <span class='ocr_line' id='line_1_7' title="bbox 131 675 1556 747; baseline 0.004 -24"><span class='ocrx_word' id='word_1_36' title='bbox 131 678 379 725; x_wconf 76' lang='lat' dir='ltr'>novissimi</span> <span class='ocrx_word' id='word_1_37' title='bbox 395 677 482 739; x_wconf 78' lang='lat'>(2).</span> <span class='ocrx_word' id='word_1_38' title='bbox 513 675 751 723; x_wconf 85' lang='lat' dir='ltr'>Herodem</span> <span class='ocrx_word' id='word_1_39' title='bbox 777 676 1011 724; x_wconf 87' lang='lat' dir='ltr'>Dominus</span> <span class='ocrx_word' id='word_1_40' title='bbox 1035 678 1256 742; x_wconf 89' lang='lat' dir='ltr'>vulpem,</span> <span class='ocrx_word' id='word_1_41' title='bbox 1287 698 1385 745; x_wconf 89' lang='lat' dir='ltr'>quo</span> <span class='ocrx_word' id='word_1_42' title='bbox 1409 699 1556 747; x_wconf 86' lang='lat' dir='ltr'>prop-</span> 
     </span>
     <span class='ocr_line' id='line_1_8' title="bbox 132 754 1548 824; baseline 0.004 -23"><span class='ocrx_word' id='word_1_43' title='bbox 132 766 205 802; x_wconf 89' lang='lat' dir='ltr'>ter</span> <span class='ocrx_word' id='word_1_44' title='bbox 236 754 370 802; x_wconf 93' lang='lat' dir='ltr'>dolos</span> <span class='ocrx_word' id='word_1_45' title='bbox 407 766 455 802; x_wconf 93' lang='lat' dir='ltr'>et</span> <span class='ocrx_word' id='word_1_46' title='bbox 488 754 677 801; x_wconf 82' lang='lat' dir='ltr'>insidias</span> <span class='ocrx_word' id='word_1_47' title='bbox 703 754 913 803; x_wconf 64' lang='lat' dir='ltr'>haeretici</span> <span class='ocrx_word' id='word_1_48' title='bbox 949 756 1282 822; x_wconf 78' lang='lat' dir='ltr'>designantur,</span> <span class='ocrx_word' id='word_1_49' title='bbox 1321 760 1548 824; x_wconf 79' lang='lat' dir='ltr'>appellat3</span> 
     </span>
     <span class='ocr_line' id='line_1_9' title="bbox 129 831 1551 897; baseline 0.004 -19"><span class='ocrx_word' id='word_1_50' title='bbox 129 841 176 878; x_wconf 83' lang='lat' dir='ltr'>et</span> <span class='ocrx_word' id='word_1_51' title='bbox 219 831 478 878; x_wconf 82' lang='lat' dir='ltr'>Jerusalem</span> <span class='ocrx_word' id='word_1_52' title='bbox 528 831 611 876; x_wconf 88' lang='lat' dir='ltr'>alis</span> <span class='ocrx_word' id='word_1_53' title='bbox 661 834 758 896; x_wconf 92' lang='lat' dir='ltr'>ejus</span> <span class='ocrx_word' id='word_1_54' title='bbox 800 833 985 897; x_wconf 80' lang='lat' dir='ltr'>protegi</span> <span class='ocrx_word' id='word_1_55' title='bbox 1037 845 1340 897; x_wconf 86' lang='lat' dir='ltr'>respuentem</span> <span class='ocrx_word' id='word_1_56' title='bbox 1390 837 1551 884; x_wconf 89' lang='lat' dir='ltr'>incre-</span> 
     </span>
     <span class='ocr_line' id='line_1_10' title="bbox 122 908 1551 974; baseline 0.005 -18"><span class='ocrx_word' id='word_1_57' title='bbox 122 918 204 973; x_wconf 86' lang='lat' dir='ltr'>pat</span> <span class='ocrx_word' id='word_1_58' title='bbox 233 909 326 973; x_wconf 83' lang='lat'>(3).</span> <span class='ocrx_word' id='word_1_59' title='bbox 361 908 693 974; x_wconf 85' lang='lat' dir='ltr'>Hydropicum</span> <span class='ocrx_word' id='word_1_60' title='bbox 718 908 914 957; x_wconf 86' lang='lat' dir='ltr'>sabbato</span> <span class='ocrx_word' id='word_1_61' title='bbox 947 920 1108 967; x_wconf 90' lang='lat' dir='ltr'>curat,</span> <span class='ocrx_word' id='word_1_62' title='bbox 1144 922 1191 958; x_wconf 89' lang='lat' dir='ltr'>et</span> <span class='ocrx_word' id='word_1_63' title='bbox 1221 913 1352 960; x_wconf 82' lang='lat' dir='ltr'>velut</span> <span class='ocrx_word' id='word_1_64' title='bbox 1382 915 1439 962; x_wconf 92' lang='lat' dir='ltr'>de</span> <span class='ocrx_word' id='word_1_65' title='bbox 1466 914 1551 963; x_wconf 86' lang='lat' dir='ltr'>hu-</span> 
     </span>
     <span class='ocr_line' id='line_1_11' title="bbox 121 985 1547 1054; baseline 0.005 -21"><span class='ocrx_word' id='word_1_66' title='bbox 121 987 269 1049; x_wconf 86' lang='lat' dir='ltr'>moris</span> <span class='ocrx_word' id='word_1_67' title='bbox 296 997 442 1052; x_wconf 87' lang='lat' dir='ltr'>puteo</span> <span class='ocrx_word' id='word_1_68' title='bbox 462 985 632 1034; x_wconf 89' lang='lat' dir='ltr'>liberat</span> <span class='ocrx_word' id='word_1_69' title='bbox 651 987 745 1051; x_wconf 78' lang='grc'>(4).</span> <span class='ocrx_word' id='word_1_70' title='bbox 770 987 1127 1036; x_wconf 89' lang='lat' dir='ltr'>Murmurantes</span> <span class='ocrx_word' id='word_1_71' title='bbox 1150 989 1408 1054; x_wconf 79' lang='lat' dir='ltr'>pharisaeos</span> <span class='ocrx_word' id='word_1_72' title='bbox 1429 994 1547 1040; x_wconf 85' lang='lat' dir='ltr'>asini</span> 
     </span>
     <span class='ocr_line' id='line_1_12' title="bbox 123 1064 1548 1129; baseline 0.005 -18"><span class='ocrx_word' id='word_1_73' title='bbox 123 1065 193 1112; x_wconf 80' lang='lat' dir='ltr'>vel</span> <span class='ocrx_word' id='word_1_74' title='bbox 233 1064 369 1112; x_wconf 76' lang='lat' dir='ltr'>bovis&#39;</span> <span class='ocrx_word' id='word_1_75' title='bbox 411 1065 459 1111; x_wconf 93' lang='lat' dir='ltr'>in</span> <span class='ocrx_word' id='word_1_76' title='bbox 503 1074 702 1129; x_wconf 88' lang='lat' dir='ltr'>puteum</span> <span class='ocrx_word' id='word_1_77' title='bbox 746 1065 954 1113; x_wconf 90' lang='lat' dir='ltr'>cadentis</span> <span class='ocrx_word' id='word_1_78' title='bbox 995 1068 1293 1116; x_wconf 85' lang='lat' dir='ltr'>extractione</span> <span class='ocrx_word' id='word_1_79' title='bbox 1343 1071 1548 1118; x_wconf 91' lang='lat' dir='ltr'>confun-</span> 
     </span>
     <span class='ocr_line' id='line_1_13' title="bbox 119 1142 1546 1209; baseline 0.006 -20"><span class='ocrx_word' id='word_1_80' title='bbox 119 1142 207 1189; x_wconf 90' lang='lat' dir='ltr'>dit.</span> <span class='ocrx_word' id='word_1_81' title='bbox 234 1143 564 1190; x_wconf 86' lang='lat' dir='ltr'>Humilitatem</span> <span class='ocrx_word' id='word_1_82' title='bbox 589 1161 782 1209; x_wconf 88' lang='lat' dir='ltr'>quoque</span> <span class='ocrx_word' id='word_1_83' title='bbox 811 1144 1079 1191; x_wconf 84' lang='lat' dir='ltr'>sectandam</span> <span class='ocrx_word' id='word_1_84' title='bbox 1113 1145 1311 1204; x_wconf 88' lang='lat' dir='ltr'>docens,</span> <span class='ocrx_word' id='word_1_85' title='bbox 1350 1149 1399 1195; x_wconf 92' lang='lat' dir='ltr'>in</span> <span class='ocrx_word' id='word_1_86' title='bbox 1433 1167 1546 1197; x_wconf 93' lang='lat' dir='ltr'>con-</span> 
     </span>
     <span class='ocr_line' id='line_1_14' title="bbox 120 1220 1542 1288; baseline 0.006 -22"><span class='ocrx_word' id='word_1_87' title='bbox 120 1221 247 1267; x_wconf 86' lang='lat' dir='ltr'>vivio</span> <span class='ocrx_word' id='word_1_88' title='bbox 275 1220 485 1284; x_wconf 91' lang='lat' dir='ltr'>primum</span> <span class='ocrx_word' id='word_1_89' title='bbox 515 1220 789 1268; x_wconf 86' lang='lat' dir='ltr'>accubitum</span> <span class='ocrx_word' id='word_1_90' title='bbox 818 1239 919 1270; x_wconf 90' lang='lat' dir='ltr'>non</span> <span class='ocrx_word' id='word_1_91' title='bbox 948 1240 1044 1270; x_wconf 89' lang='lat' dir='ltr'>esse</span> <span class='ocrx_word' id='word_1_92' title='bbox 1073 1224 1414 1288; x_wconf 82' lang='lat' dir='ltr'>quaerendum;</span> <span class='ocrx_word' id='word_1_93' title='bbox 1454 1245 1542 1275; x_wconf 92' lang='lat' dir='ltr'>nec</span> 
     </span>
     <span class='ocr_line' id='line_1_15' title="bbox 118 1298 1540 1365; baseline 0.005 -20"><span class='ocrx_word' id='word_1_94' title='bbox 118 1298 319 1355; x_wconf 89' lang='lat' dir='ltr'>divites,</span> <span class='ocrx_word' id='word_1_95' title='bbox 373 1298 451 1346; x_wconf 91' lang='lat' dir='ltr'>sed</span> <span class='ocrx_word' id='word_1_96' title='bbox 497 1316 758 1363; x_wconf 86' lang='lat' dir='ltr'>pauperes,</span> <span class='ocrx_word' id='word_1_97' title='bbox 808 1300 891 1365; x_wconf 93' lang='lat' dir='ltr'>qui</span> <span class='ocrx_word' id='word_1_98' title='bbox 938 1317 1035 1347; x_wconf 92' lang='lat' dir='ltr'>non</span> <span class='ocrx_word' id='word_1_99' title='bbox 1088 1300 1393 1360; x_wconf 86' lang='lat' dir='ltr'>retribuant,</span> <span class='ocrx_word' id='word_1_100' title='bbox 1445 1322 1540 1352; x_wconf 92' lang='lat' dir='ltr'>esse</span> 
     </span>
    </p>
   </div>
   <div class='ocr_carea' id='block_1_2' title="bbox 87 1377 491 1441">
    <p class='ocr_par' dir='ltr' id='par_1_3' title="bbox 87 1377 491 1441">
     <span class='ocr_line' id='line_1_16' title="bbox 87 1377 491 1441; baseline -0.002 -17"><span class='ocrx_word' id='word_1_101' title='bbox 87 1411 90 1416; x_wconf 93' lang='lat'>-</span> <span class='ocrx_word' id='word_1_102' title='bbox 115 1377 372 1441; x_wconf 87' lang='lat' dir='ltr'>pascendos</span> <span class='ocrx_word' id='word_1_103' title='bbox 397 1377 491 1441; x_wconf 84' lang='lat'>(5).</span> 
     </span>
    </p>
   </div>
   <div class='ocr_carea' id='block_1_3' title="bbox 103 1455 1538 2455">
    <p class='ocr_par' dir='ltr' id='par_1_4' title="bbox 103 1455 1538 2455">
     <span class='ocr_line' id='line_1_17' title="bbox 178 1455 1538 1507; baseline 0.004 -4"><span class='ocrx_word' id='word_1_104' title='bbox 178 1456 310 1504; x_wconf 85' lang='lat' dir='ltr'>Xlll.</span> <span class='ocrx_word' id='word_1_105' title='bbox 341 1456 506 1502; x_wconf 85' lang='lat' dir='ltr'>Multis</span> <span class='ocrx_word' id='word_1_106' title='bbox 530 1456 682 1503; x_wconf 89' lang='lat' dir='ltr'>modis</span> <span class='ocrx_word' id='word_1_107' title='bbox 711 1455 945 1503; x_wconf 89' lang='lat' dir='ltr'>Dominus</span> <span class='ocrx_word' id='word_1_108' title='bbox 969 1457 1100 1504; x_wconf 90' lang='lat' dir='ltr'>Jesus</span> <span class='ocrx_word' id='word_1_109' title='bbox 1124 1457 1339 1506; x_wconf 89' lang='lat' dir='ltr'>Christus</span> <span class='ocrx_word' id='word_1_110' title='bbox 1364 1477 1538 1507; x_wconf 92' lang='lat' dir='ltr'>consu-</span> 
     </span>
     <span class='ocr_line' id='line_1_18' title="bbox 114 1533 1531 1600; baseline 0.004 -20"><span class='ocrx_word' id='word_1_111' title='bbox 114 1535 214 1583; x_wconf 91' lang='lat' dir='ltr'>lens</span> <span class='ocrx_word' id='word_1_112' title='bbox 252 1533 472 1582; x_wconf 85' lang='lat' dir='ltr'>humanae</span> <span class='ocrx_word' id='word_1_113' title='bbox 511 1535 678 1592; x_wconf 88' lang='lat' dir='ltr'>saluti,</span> <span class='ocrx_word' id='word_1_114' title='bbox 718 1535 858 1599; x_wconf 90' lang='lat' dir='ltr'>ponit</span> <span class='ocrx_word' id='word_1_115' title='bbox 892 1535 1166 1600; x_wconf 86' lang='lat' dir='ltr'>parabolam</span> <span class='ocrx_word' id='word_1_116' title='bbox 1201 1536 1259 1585; x_wconf 94' lang='lat' dir='ltr'>de</span> <span class='ocrx_word' id='word_1_117' title='bbox 1295 1539 1531 1597; x_wconf 79' lang='lat' dir='ltr'>invitatis,</span> 
     </span>
     <span class='ocr_line' id='line_1_19' title="bbox 111 1611 1528 1682; baseline 0.003 -22"><span class='ocrx_word' id='word_1_118' title='bbox 111 1614 193 1678; x_wconf 86' lang='lat' dir='ltr'>qui</span> <span class='ocrx_word' id='word_1_119' title='bbox 220 1631 267 1661; x_wconf 91' lang='lat' dir='ltr'>se</span> <span class='ocrx_word' id='word_1_120' title='bbox 302 1631 521 1661; x_wconf 84' lang='lat' dir='ltr'>excusare</span> <span class='ocrx_word' id='word_1_121' title='bbox 546 1611 814 1670; x_wconf 82' lang='lat' dir='ltr'>studenteS‚</span> <span class='ocrx_word' id='word_1_122' title='bbox 843 1629 982 1660; x_wconf 89' lang='lat' dir='ltr'>coena</span> <span class='ocrx_word' id='word_1_123' title='bbox 1016 1631 1115 1661; x_wconf 92' lang='lat' dir='ltr'>non</span> <span class='ocrx_word' id='word_1_124' title='bbox 1147 1614 1345 1663; x_wconf 84' lang='lat' dir='ltr'>fuerunt</span> <span class='ocrx_word' id='word_1_125' title='bbox 1378 1617 1528 1682; x_wconf 82' lang='lat' dir='ltr'>digni.</span> 
     </span>
     <span class='ocr_line' id='line_1_20' title="bbox 110 1692 1527 1759; baseline 0.002 -20"><span class='ocrx_word' id='word_1_126' title='bbox 110 1693 296 1740; x_wconf 88' lang='lat' dir='ltr'>Primus</span> <span class='ocrx_word' id='word_1_127' title='bbox 327 1703 527 1758; x_wconf 85' lang='lat' dir='ltr'>propter</span> <span class='ocrx_word' id='word_1_128' title='bbox 555 1692 717 1739; x_wconf 77' lang='lat' dir='ltr'>villam</span> <span class='ocrx_word' id='word_1_129' title='bbox 745 1711 888 1759; x_wconf 87' lang='lat' dir='ltr'>quam</span> <span class='ocrx_word' id='word_1_130' title='bbox 919 1704 1122 1751; x_wconf 89' lang='lat' dir='ltr'>emerat,</span> <span class='ocrx_word' id='word_1_131' title='bbox 1157 1696 1321 1742; x_wconf 74' lang='lat' dir='ltr'>venire</span> <span class='ocrx_word' id='word_1_132' title='bbox 1343 1695 1527 1753; x_wconf 88' lang='lat' dir='ltr'>noluit;</span> 
     </span>
     <span class='ocr_line' id='line_1_21' title="bbox 108 1771 1529 1838; baseline 0.001 -20"><span class='ocrx_word' id='word_1_133' title='bbox 108 1788 206 1836; x_wconf 91' lang='lat' dir='ltr'>quo</span> <span class='ocrx_word' id='word_1_134' title='bbox 242 1771 550 1835; x_wconf 84' lang='lat' dir='ltr'>designantur</span> <span class='ocrx_word' id='word_1_135' title='bbox 587 1780 790 1817; x_wconf 87' lang='lat' dir='ltr'>terrenae</span> <span class='ocrx_word' id='word_1_136' title='bbox 824 1782 1057 1818; x_wconf 87' lang='lat' dir='ltr'>amatores</span> <span class='ocrx_word' id='word_1_137' title='bbox 1091 1771 1399 1830; x_wconf 80' lang='lat' dir='ltr'>substantiae,</span> <span class='ocrx_word' id='word_1_138' title='bbox 1439 1792 1529 1838; x_wconf 90' lang='lat' dir='ltr'>pro</span> 
     </span>
     <span class='ocr_line' id='line_1_22' title="bbox 109 1848 1528 1916; baseline 0.002 -22"><span class='ocrx_word' id='word_1_139' title='bbox 109 1866 199 1913; x_wconf 90' lang='lat' dir='ltr'>qua</span> <span class='ocrx_word' id='word_1_140' title='bbox 219 1848 574 1913; x_wconf 83' lang='lat' dir='ltr'>parvipendunt</span> <span class='ocrx_word' id='word_1_141' title='bbox 597 1848 871 1895; x_wconf 82' lang='lat' dir='ltr'>coelestibus</span> <span class='ocrx_word' id='word_1_142' title='bbox 891 1848 1092 1897; x_wconf 84' lang='lat' dir='ltr'>inhiare.</span> <span class='ocrx_word' id='word_1_143' title='bbox 1118 1850 1254 1897; x_wconf 88' lang='lat' dir='ltr'>Alter</span> <span class='ocrx_word' id='word_1_144' title='bbox 1269 1869 1360 1915; x_wconf 87' lang='lat' dir='ltr'>pro</span> <span class='ocrx_word' id='word_1_145' title='bbox 1386 1853 1528 1916; x_wconf 88' lang='lat' dir='ltr'>quin-</span> 
     </span>
     <span class='ocr_line' id='line_1_23' title="bbox 108 1925 1525 1992; baseline 0.002 -21"><span class='ocrx_word' id='word_1_146' title='bbox 108 1942 202 1990; x_wconf 89' lang='lat' dir='ltr'>que</span> <span class='ocrx_word' id='word_1_147' title='bbox 230 1926 356 1991; x_wconf 87' lang='lat' dir='ltr'>jugis</span> <span class='ocrx_word' id='word_1_148' title='bbox 392 1926 541 1974; x_wconf 90' lang='lat' dir='ltr'>boum</span> <span class='ocrx_word' id='word_1_149' title='bbox 570 1925 819 1981; x_wconf 85' lang='lat' dir='ltr'>detentus,</span> <span class='ocrx_word' id='word_1_150' title='bbox 853 1943 952 1972; x_wconf 93' lang='lat' dir='ltr'>non</span> <span class='ocrx_word' id='word_1_151' title='bbox 987 1927 1096 1983; x_wconf 89' lang='lat' dir='ltr'>ivit;</span> <span class='ocrx_word' id='word_1_152' title='bbox 1133 1944 1231 1991; x_wconf 89' lang='lat' dir='ltr'>quo</span> <span class='ocrx_word' id='word_1_153' title='bbox 1256 1927 1525 1992; x_wconf 87' lang='lat' dir='ltr'>figurantur</span> 
     </span>
     <span class='ocr_line' id='line_1_24' title="bbox 108 2002 1521 2069; baseline 0.001 -19"><span class='ocrx_word' id='word_1_154' title='bbox 108 2004 306 2060; x_wconf 91' lang='lat' dir='ltr'>curiosi,</span> <span class='ocrx_word' id='word_1_155' title='bbox 345 2003 425 2069; x_wconf 89' lang='lat' dir='ltr'>qui</span> <span class='ocrx_word' id='word_1_156' title='bbox 462 2003 704 2067; x_wconf 86' lang='lat' dir='ltr'>corporeis</span> <span class='ocrx_word' id='word_1_157' title='bbox 738 2002 950 2049; x_wconf 87' lang='lat' dir='ltr'>sensibus</span> <span class='ocrx_word' id='word_1_158' title='bbox 985 2003 1128 2051; x_wconf 88' lang='lat' dir='ltr'>illecti</span> <span class='ocrx_word' id='word_1_159' title='bbox 1161 2004 1255 2051; x_wconf 89' lang='lat' dir='ltr'>sola</span> <span class='ocrx_word' id='word_1_160' title='bbox 1289 2005 1521 2052; x_wconf 85' lang='lat' dir='ltr'>exteriora</span> 
     </span>
     <span class='ocr_line' id='line_1_25' title="bbox 107 2080 1521 2147; baseline 0.001 -19"><span class='ocrx_word' id='word_1_161' title='bbox 107 2099 391 2147; x_wconf 76' lang='lat' dir='ltr'>cognoscere</span> <span class='ocrx_word' id='word_1_162' title='bbox 413 2091 605 2138; x_wconf 87' lang='lat' dir='ltr'>curant,</span> <span class='ocrx_word' id='word_1_163' title='bbox 627 2091 675 2128; x_wconf 91' lang='lat' dir='ltr'>et</span> <span class='ocrx_word' id='word_1_164' title='bbox 692 2080 807 2127; x_wconf 91' lang='lat' dir='ltr'>dum</span> <span class='ocrx_word' id='word_1_165' title='bbox 825 2080 1029 2128; x_wconf 83' lang='lat' dir='ltr'>aliorum</span> <span class='ocrx_word' id='word_1_166' title='bbox 1047 2082 1193 2128; x_wconf 85' lang='lat' dir='ltr'>vitam</span> <span class='ocrx_word' id='word_1_167' title='bbox 1213 2083 1521 2147; x_wconf 76' lang='lat' dir='ltr'>investigant,</span> 
     </span>
     <span class='ocr_line' id='line_1_26' title="bbox 104 2158 1524 2223; baseline 0.002 -19"><span class='ocrx_word' id='word_1_168' title='bbox 104 2159 173 2205; x_wconf 90' lang='lat' dir='ltr'>sui</span> <span class='ocrx_word' id='word_1_169' title='bbox 199 2176 361 2205; x_wconf 89' lang='lat' dir='ltr'>curam</span> <span class='ocrx_word' id='word_1_170' title='bbox 386 2158 676 2223; x_wconf 79' lang='lat' dir='ltr'>negligentes</span> <span class='ocrx_word' id='word_1_171' title='bbox 709 2168 901 2205; x_wconf 85' lang='lat' dir='ltr'>aeternae</span> <span class='ocrx_word' id='word_1_172' title='bbox 934 2158 1093 2204; x_wconf 90' lang='lat' dir='ltr'>salutis</span> <span class='ocrx_word' id='word_1_173' title='bbox 1124 2158 1281 2222; x_wconf 89' lang='lat' dir='ltr'>epulas</span> <span class='ocrx_word' id='word_1_174' title='bbox 1304 2170 1524 2223; x_wconf 86' lang='lat' dir='ltr'>appetere</span> 
     </span>
     <span class='ocr_line' id='line_1_27' title="bbox 103 2235 1524 2302; baseline 0.001 -19"><span class='ocrx_word' id='word_1_175' title='bbox 103 2235 333 2284; x_wconf 86' lang='lat' dir='ltr'>refutant.</span> <span class='ocrx_word' id='word_1_176' title='bbox 365 2236 557 2284; x_wconf 89' lang='lat' dir='ltr'>Tertius</span> <span class='ocrx_word' id='word_1_177' title='bbox 575 2253 665 2300; x_wconf 88' lang='lat' dir='ltr'>pro</span> <span class='ocrx_word' id='word_1_178' title='bbox 685 2252 833 2283; x_wconf 85' lang='lat' dir='ltr'>uxore</span> <span class='ocrx_word' id='word_1_179' title='bbox 857 2236 1090 2282; x_wconf 82' lang='lat' dir='ltr'>recusavit</span> <span class='ocrx_word' id='word_1_180' title='bbox 1108 2236 1298 2292; x_wconf 76' lang='lat' dir='ltr'>venire3</span> <span class='ocrx_word' id='word_1_181' title='bbox 1322 2254 1420 2302; x_wconf 88' lang='lat' dir='ltr'>quo</span> <span class='ocrx_word' id='word_1_182' title='bbox 1442 2236 1524 2285; x_wconf 81' lang='lat' dir='ltr'>dc-</span> 
     </span>
     <span class='ocr_line' id='line_1_28' title="bbox 103 2313 1523 2380; baseline 0 -20"><span class='ocrx_word' id='word_1_183' title='bbox 103 2324 436 2363; x_wconf 85' lang='lat' dir='ltr'>monstrantur</span> <span class='ocrx_word' id='word_1_184' title='bbox 460 2313 507 2361; x_wconf 89' lang='lat' dir='ltr'>hi</span> <span class='ocrx_word' id='word_1_185' title='bbox 537 2315 619 2380; x_wconf 90' lang='lat' dir='ltr'>qui</span> <span class='ocrx_word' id='word_1_186' title='bbox 654 2313 808 2360; x_wconf 86' lang='lat' dir='ltr'>carnis</span> <span class='ocrx_word' id='word_1_187' title='bbox 846 2313 1131 2360; x_wconf 89' lang='lat' dir='ltr'>irretiuntur</span> <span class='ocrx_word' id='word_1_188' title='bbox 1155 2313 1417 2378; x_wconf 78' lang='lat' dir='ltr'>voluptate.</span> <span class='ocrx_word' id='word_1_189' title='bbox 1447 2315 1523 2360; x_wconf 90' lang='lat' dir='ltr'>Sic</span> 
     </span>
     <span class='ocr_line' id='line_1_29' title="bbox 104 2390 1522 2455; baseline -0.001 -15"><span class='ocrx_word' id='word_1_190' title='bbox 104 2391 219 2440; x_wconf 90' lang='lat' dir='ltr'>dum</span> <span class='ocrx_word' id='word_1_191' title='bbox 253 2392 382 2439; x_wconf 91' lang='lat' dir='ltr'>hunc</span> <span class='ocrx_word' id='word_1_192' title='bbox 418 2403 604 2440; x_wconf 90' lang='lat' dir='ltr'>terrena</span> <span class='ocrx_word' id='word_1_193' title='bbox 639 2409 750 2438; x_wconf 86' lang='lat' dir='ltr'>cura</span> <span class='ocrx_word' id='word_1_194' title='bbox 785 2402 1016 2455; x_wconf 88' lang='lat' dir='ltr'>occupat,</span> <span class='ocrx_word' id='word_1_195' title='bbox 1049 2390 1184 2437; x_wconf 89' lang='lat' dir='ltr'>illum</span> <span class='ocrx_word' id='word_1_196' title='bbox 1216 2391 1355 2438; x_wconf 90' lang='lat' dir='ltr'>alieni</span> <span class='ocrx_word' id='word_1_197' title='bbox 1393 2403 1522 2438; x_wconf 89' lang='lat' dir='ltr'>actus</span> 
     </span>
    </p>
   </div>
   <div class='ocr_carea' id='block_1_4' title="bbox 106 2601 1524 2709">
    <p class='ocr_par' dir='ltr' id='par_1_5' title="bbox 106 2601 1524 2709">
     <span class='ocr_line' id='line_1_30' title="bbox 150 2601 1523 2654; baseline -0.004 -13"><span class='ocrx_word' id='word_1_198' title='bbox 150 2608 200 2652; x_wconf 87' lang='grc' dir='ltr'>(ι)</span> <span class='ocrx_word' id='word_1_199' title='bbox 226 2607 310 2641; x_wconf 91' lang='lat' dir='ltr'>Luc.</span> <span class='ocrx_word' id='word_1_200' title='bbox 341 2619 422 2648; x_wconf 74' lang='lat' dir='ltr'>xiii,</span> <span class='ocrx_word' id='word_1_201' title='bbox 461 2618 575 2654; x_wconf 77' lang='lat'>10-17.</span> <span class='ocrx_word' id='word_1_202' title='bbox 606 2626 645 2631; x_wconf 88' lang='lat'>—</span> <span class='ocrx_word' id='word_1_203' title='bbox 670 2607 720 2650; x_wconf 79' lang='lat'>(2)</span> <span class='ocrx_word' id='word_1_204' title='bbox 744 2604 874 2639; x_wconf 79' lang='lat' dir='ltr'>Matth.</span> <span class='ocrx_word' id='word_1_205' title='bbox 901 2615 982 2645; x_wconf 76' lang='lat' dir='ltr'>xiii,</span> <span class='ocrx_word' id='word_1_206' title='bbox 1012 2601 1143 2645; x_wconf 68' lang='lat'>51-343</span> <span class='ocrx_word' id='word_1_207' title='bbox 1170 2602 1280 2636; x_wconf 83' lang='lat' dir='ltr'>Marc.</span> <span class='ocrx_word' id='word_1_208' title='bbox 1308 2614 1360 2643; x_wconf 79' lang='grc' dir='ltr'>ιν,</span> <span class='ocrx_word' id='word_1_209' title='bbox 1393 2601 1523 2640; x_wconf 75' lang='lat'>30-3¹.›.·,</span> 
     </span>
     <span class='ocr_line' id='line_1_31' title="bbox 106 2660 1524 2709; baseline -0.003 -11"><span class='ocrx_word' id='word_1_210' title='bbox 106 2665 190 2699; x_wconf 86' lang='lat' dir='ltr'>Luc.</span> <span class='ocrx_word' id='word_1_211' title='bbox 216 2677 300 2709; x_wconf 81' lang='lat' dir='ltr'>xm,</span> <span class='ocrx_word' id='word_1_212' title='bbox 332 2663 452 2701; x_wconf 82' lang='lat'>18-50.</span> <span class='ocrx_word' id='word_1_213' title='bbox 482 2686 525 2691; x_wconf 93' lang='lat'>—</span> <span class='ocrx_word' id='word_1_214' title='bbox 549 2663 598 2709; x_wconf 79' lang='lat'>(3)</span> <span class='ocrx_word' id='word_1_215' title='bbox 625 2665 708 2699; x_wconf 84' lang='lat' dir='ltr'>Luc.</span> <span class='ocrx_word' id='word_1_216' title='bbox 743 2676 827 2705; x_wconf 80' lang='lat' dir='ltr'>xm,</span> <span class='ocrx_word' id='word_1_217' title='bbox 860 2660 979 2696; x_wconf 61' lang='lat'>3155.</span> <span class='ocrx_word' id='word_1_218' title='bbox 1009 2683 1047 2687; x_wconf 90' lang='lat'>—</span> <span class='ocrx_word' id='word_1_219' title='bbox 1075 2663 1125 2705; x_wconf 70' lang='lat'>(4)</span> <span class='ocrx_word' id='word_1_220' title='bbox 1156 2662 1240 2698; x_wconf 80' lang='lat' dir='ltr'>Luc.</span> <span class='ocrx_word' id='word_1_221' title='bbox 1272 2674 1344 2699; x_wconf 77' lang='lat' dir='ltr'>xiv,</span> <span class='ocrx_word' id='word_1_222' title='bbox 1382 2664 1448 2703; x_wconf 70' lang='grc'>1-4.</span> <span class='ocrx_word' id='word_1_223' title='bbox 1481 2682 1524 2687; x_wconf 91' lang='grc'>-</span> 
     </span>
    </p>
   </div>
   <div class='ocr_carea' id='block_1_5' title="bbox 106 2721 472 2768">
    <p class='ocr_par' dir='ltr' id='par_1_6' title="bbox 106 2721 472 2768">
     <span class='ocr_line' id='line_1_32' title="bbox 106 2721 472 2768; baseline 0.008 -12"><span class='ocrx_word' id='word_1_224' title='bbox 106 2721 157 2768; x_wconf 80' lang='grc'>(5)</span> <span class='ocrx_word' id='word_1_225' title='bbox 178 2723 260 2758; x_wconf 88' lang='lat' dir='ltr'>Luc.</span> <span class='ocrx_word' id='word_1_226' title='bbox 284 2736 353 2764; x_wconf 79' lang='lat' dir='ltr'>xw,</span> <span class='ocrx_word' id='word_1_227' title='bbox 375 2723 472 2766; x_wconf 67' lang='lat'>5-14.</span> 
     </span>
    </p>
   </div>
  </div>
 </body>
</html>
