1738 3043
626 225 777 265 LIBER
808 226 1016 265 PRIMUS.
1484 230 1535 264 235

117 311 238 371 eju&
268 325 366 354 non
398 324 504 352 cuni
530 303 888 351 linteaminibus
912 305 1145 368 positum,
1183 303 1261 351 sed
1286 306 1534 368 separatim

121 387 408 433 involutum.
436 384 618 432 Deinde
651 393 698 430 ct
722 383 928 430 Joannes
963 383 1159 429 intravit
1187 393 1233 429 et
1257 381 1376 429 vidit
1401 384 1537 430 simi-

121 465 228 511 liter
261 474 307 511 et
340 462 538 510 credidit
571 460 701 527 quod
730 461 881 508 Maria
919 460 1130 517 dixerat,
1165 460 1402 507 sublatum
1441 479 1536 509 esse

120 543 380 588 Dominum
421 541 477 587 de
516 549 851 586 monumento.
892 536 1122 585 Nondum
1157 539 1285 584 enim
1325 537 1536 586 sciebant

119 619 401 682 scripturas,
437 617 546 682 quia
571 614 825 680 oportebat
856 632 965 662 eum
991 632 1014 660 a
1041 614 1247 662 mortuis
1271 632 1535 680 resurgere.

117 695 356 743 Abierunt
387 712 499 760 ergo
533 694 591 741 ad
617 694 891 759 semetipsos
925 692 1162 757 discipuli.
1198 693 1345 739 Maria
1383 705 1540 741 autem

119 771 271 819 stabat
289 772 346 819 ad
361 783 733 820 monumentum
754 772 872 820 foris
890 772 1102 837 plorans,
1126 770 1171 817 id
1192 781 1260 818 est
1277 782 1387 819 ante
1406 772 1541 818 illuni

119 852 239 899 saxei
266 851 469 916 sepulcri
500 851 686 911 locum3
719 851 797 898 sed
833 862 991 898 tamen
1028 850 1152 896 intra
1189 849 1306 896 illud
1337 851 1542 914 spatium

118 947 215 995 quo
239 931 337 994 jam
371 930 590 995 ingressae
621 929 829 977 fuerant.
859 929 1038 976 Hortus
1073 929 1250 993 quippe
1284 939 1383 976 erat
1417 929 1540 986 illic,

118 1007 240 1053 sieut
266 1007 389 1055 idem
414 1008 620 1055 Joannes
650 1017 1010 1055 commemorat.
1045 1008 1185 1053 Tunc
1208 1007 1432 1054 viderunt
1454 1025 1544 1054 an-

119 1085 278 1149 gelum
301 1085 542 1133 sedentem
565 1104 589 1132 a
613 1085 791 1132 dextris
814 1102 955 1149 super
987 1083 1189 1149 lapidem
1220 1084 1495 1132 revolutum
1519 1103 1543 1131 a

120 1174 467 1221 monument03
510 1164 568 1212 de
607 1181 704 1229 quo
742 1164 910 1228 angelo
952 1174 1151 1210 narrant
1191 1162 1450 1210 Matthaeus
1498 1173 1545 1211 et

120 1241 308 1288 Marcus
339 1263 348 1287 :
383 1243 520 1288 Tunc
557 1242 691 1289 (lixit
736 1244 803 1288 eis
832 1261 842 1286 .·
869 1241 1035 1288 lVolz'le
1072 1243 1253 1299 timere,
1296 1259 1397 1287 vos.
1437 1241 1547 1287 Scio

122 1320 247 1366 enim
266 1320 400 1384 quod
418 1321 458 1367 J
457 1338 586 1366 esum
593 1359 609 1378 ,
643 1322 728 1384 qui
753 1320 1016 1383 crucifioeus
1045 1331 1134 1377 est,
1170 1320 1400 1383 quaeritis.
1432 1318 1547 1365 IVOn

121 1410 189 1445 est
222 1398 329 1454 lu'c,·
363 1400 576 1445 surrexit
609 1399 734 1444 enim
763 1399 888 1444 sieut
921 1397 1064 1443 dixit.
1109 1398 1284 1445 Venite
1313 1409 1356 1443 et
1389 1397 1550 1444 videte

122 1476 281 1523 locum
321 1476 405 1522 ubi
434 1478 624 1542 positus
664 1487 766 1522 erat
803 1475 1063 1523 Dominus.
1112 1476 1179 1521 Et
1216 1477 1310 1523 cito
1352 1487 1545 1533 euntes,

122 1553 270 1600 dicite
303 1554 561 1620 discipulis
599 1555 704 1620 ejus
740 1555 858 1619 quia
888 1555 1149 1600 resurrexit
1163 1577 1185 1610 ,·
1215 1565 1258 1601 et
1288 1572 1397 1601 eece
1424 1572 1551 1620 proe-

123 1630 250 1677 cedit
276 1649 363 1679 vos
383 1633 433 1677 in
463 1631 743 1678 Galiloeanz.
770 1630 852 1678 Ibi
876 1648 984 1677 eum
1007 1630 1265 1687 videbitis;
1288 1649 1397 1678 eece
1412 1649 1552 1697 prce-

124 1710 394 1758 (liz-ivobis.
410 1710 594 1771 Quibus
607 1710 776 1757 similia
786 1711 973 1757 Marcus
985 1727 1177 1775 quoque
1185 1727 1286 1757 non
1299 1710 1420 1756 tacui
1430 1720 1447 1755 t
1460 1710 1478 1773 (
1489 1709 1534 1772 1)

189 1787 262 1834 Ad
294 1788 396 1834 haec
421 1787 563 1835 verba
597 1789 745 1835 Maria
778 1787 894 1834 dum
921 1786 1082 1843 fleret,
1123 1787 1371 1834 inclinavit
1397 1805 1468 1844 se,
1505 1797 1552 1833 et

127 1867 370 1930 prospexit
408 1867 455 1912 in
495 1876 897 1922 monumentum;
938 1876 985 1912 et
1019 1865 1141 1911 vidit
1180 1864 1299 1911 duos
1333 1864 1550 1929 angeIOS,

131 1943 252 1989 sicut
270 1943 386 1989 dicit
402 1944 634 1999 Joannes,
663 1944 712 1989 in
733 1942 849 1988 albis
876 1942 1114 1998 sedentes,
1144 1959 1296 1987 unum
1316 1940 1373 1986 ad
1392 1951 1550 2004 caput,

133 2031 179 2068 et
206 2039 355 2066 unum
385 2021 442 2067 ad
472 2020 638 2084 pedeS‚
678 2019 758 2066 ubi
794 2019 1006 2084 positum
1035 2018 1191 2065 suerat
1223 2035 1394 2082 corpus
1426 2019 1551 2064 Jesu.

134 2099 310 2145 Dicunt
333 2100 372 2146 ei
402 2120 411 2144 :
442 2100 645 2156 Mulier,
669 2094 1016 2164 quidploras?
1045 2097 1169 2143 Dicit
1193 2097 1255 2143 eis
1286 2117 1296 2142 :
1330 2097 1463 2160 Quia
1487 2107 1556 2142 ίιι-

134 2180 288 2225 lerunt
306 2179 569 2225 Dominum
589 2195 773 2234 meum,
797 2188 842 2223 et
859 2177 1021 2223 nescio
1048 2176 1131 2221 ubi
1147 2187 1412 2241 posuerunt
1431 2192 1554 2221 eum.

135 2258 222 2303 Hic
243 2256 535 2322 intelligendi
557 2266 668 2302 sunt
685 2255 940 2302 surrexisse
953 2253 1106 2319 angeli
1120 2289 1134 2311 ,
1154 2264 1206 2299 ut
1223 2253 1364 2300 etiam
1383 2262 1558 2299 stantes

138 2335 429 2392 viderentur,
457 2336 579 2381 sicut
607 2351 685 2381 eos
710 2336 857 2380 Lucas
885 2334 1006 2381 visos
1026 2331 1168 2379 fuisse
1188 2341 1557 2387 commemorat,

138 2423 184 2459 et
216 2413 385 2461 dixisse
424 2411 703 2460 timentibus
735 2411 951 2468 feminis,
989 2420 1036 2458 et
1069 2410 1257 2457 vultum
1296 2410 1345 2456 in
1388 2419 1561 2456 terram

138 2489 485 2538 declinantibus
508 2510 518 2537 ε
553 2490 691 2554 Quid
707 2490 919 2554 quceritis
941 2489 1174 2535 viventem
1192 2504 1302 2534 cam
1323 2487 1522 2533 mortuis
1537 2484 1563 2530 P

141 2586 235 2614 non
259 2579 326 2614 est
347 2568 425 2614 liic
436 2607 451 2626 ,
474 2568 562 2614 sed
579 2569 804 2614 surrexit.
827 2566 1178 2612 Recordamini
1205 2565 1414 2630 qualiter
1439 2563 1565 2608 locu-

145 2657 215 2692 tus
257 2657 325 2693 est
359 2646 520 2701 vobis,
559 2663 665 2692 cum
696 2644 859 2690 acllzue
893 2645 942 2689 in
974 2643 1192 2689 Galilcea
1224 2653 1366 2699 esset,
1400 2641 1562 2685 (licem

194 2817 242 2860 (ι)
269 2816 396 2850 Manli.
433 2829 573 2854 xxviii,
613 2829 694 2863 ''7'’
727 2817 835 2851 Marc.
866 2827 943 2852 xvi.
985 2827 1041 2861 1—3·
