1738 3043
166 257 215 291 58
533 252 564 289 Η
575 251 774 290 ls'l'ORlA
805 251 1205 290 ECCLESIASTICA.

165 335 350 382 duobus
393 333 456 379 ibi
495 331 659 379 diebus
691 333 887 391 mansit,
921 342 966 379 et
1002 343 1159 395 postea
1196 348 1305 377 cum
1340 329 1578 396 discipulis

166 413 258 458 suis
283 414 330 458 in
354 410 564 457 Judaeam
588 410 730 466 abiit,
757 421 803 458 et
828 413 1052 457 Lazarum
1074 421 1281 474 quatuor
1298 409 1394 456 dies
1413 411 1509 473 jam
1528 409 1577 456 in

167 499 483 538 monumento
519 486 770 536 habentem
809 489 1008 536 invenit.
1041 486 1254 544 Martha,
1283 497 1337 534 ut
1369 489 1466 552 ejus
1498 487 1581 534 ad-

168 577 363 612 ventum
384 565 591 622 audivit,
612 564 702 613 fide
722 565 889 624 fortis,
913 582 1167 612 occurrens
1192 564 1287 620 illi,
1310 563 1432 610 dixit
1455 583 1465 609 :
1486 563 1582 610 Do·

167 645 317 699 tuine,
342 645 387 690 si
386 643 577 706 sitisses
597 642 874 704 lzic,frczter
889 660 1018 688 meus
1041 642 1326 704 nonsicisset
1350 650 1578 687 mortuus.

168 721 428 769 Moderatis
453 722 605 767 utit1u=
628 720 783 767 verbis
802 756 814 776 ‚
837 738 944 785 quae
965 720 1339 783 intemperanter
1359 718 1491 766 dolet
1510 718 1585 764 in-

171 799 363 846 teritum
405 796 582 844 fratris.
624 796 806 844 Martha
845 807 951 860 post
992 805 1206 842 mutuam
1245 813 1353 842 cum
1393 793 1584 841 Christo

170 876 541 923 collocutionem
557 913 568 935 ,
590 891 843 938 veramque
860 872 964 920 fidei
988 873 1335 920 confessionem
1349 908 1362 929 ,
1382 889 1475 937 qua
1492 888 1585 918 cre-

169 952 291 999 didit
315 970 424 999 oum
455 952 538 998 Dei
573 951 723 997 filium
739 985 752 1006 ,
789 950 934 996 vitam
959 960 1005 997 et
1030 950 1454 1006 resurrectionem,
1480 947 1587 994 Ma-

171 1032 288 1076 riam
317 1031 504 1076 vocavit
536 1047 667 1075 suam
699 1045 937 1086 sororem,
973 1027 1132 1075 dicens
1163 1045 1407 1092 suppressa
1434 1043 1582 1074 voce:

171 1109 417 1171 ,Wagister
445 1108 583 1153 adest
618 1118 661 1152 et
692 1118 828 1153 vocat
863 1118 920 1152 te.
957 1106 1037 1152 Illa
1066 1107 1162 1154 cito
1191 1106 1426 1162 surrexit,
1456 1115 1588 1152 extra

173 1185 444 1244 castellum,
484 1183 565 1229 ubi
603 1182 816 1229 Salvator
850 1181 1153 1239 substiterat,
1195 1183 1305 1239 ivit3
1344 1192 1391 1229 et
1426 1179 1589 1228 videns

174 1281 310 1321 eum,
336 1260 393 1308 ad
416 1261 554 1326 pedes
585 1262 682 1324 ejus
706 1270 940 1325 prostrata
971 1259 1092 1307 dixit
1127 1281 1136 1305 :
1170 1261 1403 1317 Domine,
1440 1260 1485 1305 si
1511 1257 1591 1305 hie

158 1343 372 1403 faisses,
395 1341 566 1401 sinter-
598 1357 726 1384 meus
768 1339 983 1385 Lazarus
1021 1356 1117 1385 non
1138 1339 1325 1397 sitisset
1356 1346 1586 1383 mortuus.

175 1417 299 1462 Fons
325 1416 510 1479 pietatis
535 1413 834 1478 plorantibus
854 1415 1014 1460 amicis
1039 1431 1129 1478 pro
1149 1423 1307 1460 morte
1328 1412 1466 1459 amici
1490 1411 1592 1475 plo-

175 1494 325 1549 ravit,
367 1492 444 1539 sed
476 1491 634 1539 ssendo
672 1490 955 1555 inexplebile
991 1489 1214 1555 gaudium
1250 1489 1343 1535 suis
1386 1487 1587 1553 peperit.

174 1573 303 1618 Jesus
334 1571 541 1618 fremens
568 1570 613 1616 in
641 1569 918 1633 semetipso,
951 1568 1007 1615 ad
1037 1579 1405 1615 monumentum
1429 1566 1588 1623 venit,

177 1648 377 1713 lapidem
401 1648 458 1695 de
485 1648 705 1712 spelunca
738 1647 840 1695 tolli
870 1647 1124 1711 praecepit,
1152 1657 1199 1693 et
1221 1645 1592 1711 quatriduanum

169 1729 266 1790 jam
296 1727 549 1773 foetentem
569 1743 683 1772 voce
710 1743 875 1789 magna
903 1726 1089 1772 vocavit
1117 1745 1126 1769 :
1150 1725 1360 1771 Lazare!
1389 1721 1592 1786 veniJo-

179 1808 284 1851 ras!
304 1806 362 1851 Et
383 1805 542 1850 statim
559 1801 739 1868 prodiit
753 1839 766 1860 ,
791 1803 958 1869 ligatus
977 1819 1144 1849 manus
1163 1812 1211 1849 et
1229 1801 1368 1866 pedes
1387 1800 1588 1856 institis;

177 1901 320 1947 quem
338 1882 571 1929 Dominus
592 1881 854 1944 moxjussit
873 1880 988 1928 solvi
1007 1898 1032 1926 a
1052 1878 1310 1943 discipulis.
1333 1878 1478 1925 Facto
1496 1887 1594 1923 tam

177 1961 386 2025 glorioso
409 1970 456 2006 et
475 1959 659 2006 cunctis
682 1958 848 2005 seculis
874 1957 1178 2022 praedicando
1203 1955 1435 2003 miraculo
1451 1990 1465 2013 ,
1491 1971 1593 2003 non

178 2056 343 2085 omnes
369 2037 674 2085 crediderunt
708 2037 755 2082 in
790 2038 980 2094 Jesum,
1015 2033 1094 2082 sed
1127 2034 1266 2081 multi
1301 2051 1359 2081 ex
1390 2031 1591 2089 Judaeis,

181 2117 262 2180 qui
289 2126 517 2163 venerant
541 2115 744 2160 Mariam
769 2124 816 2161 et
839 2112 1073 2160 Martham
1101 2111 1366 2169 consolari,
1401 2121 1449 2158 et
1470 2109 1597 2157 vide-

182 2205 289 2239 rant
313 2195 595 2256 insperatam
619 2192 1017 2239 resurrectionem
1042 2189 1199 2236 Lazari
1220 2188 1314 2252 (1).

247 2271 409 2317 Plures
434 2281 651 2317 mortuos
683 2269 915 2315 Dominus
938 2267 1179 2314 suscitasse
1203 2283 1304 2313 non
1326 2263 1593 2322 dubitatur,

184 2347 261 2393 sed
296 2348 342 2392 in
371 2357 533 2393 sancto
558 2345 816 2409 Evangelio
843 2355 936 2391 tres
959 2354 1145 2390 tantum
1171 2344 1288 2391 certi
1313 2359 1446 2389 causa
1470 2358 1596 2407 mys-

188 2425 291 2470 terii
318 2423 556 2469 suscitasse
583 2423 770 2486 legitur.
797 2423 885 2468 Per
906 2421 1051 2468 filiam
1077 2420 1460 2486 archisynagogi,
1486 2435 1593 2484 quae

188 2503 312 2548 inter
345 2501 629 2548 domesticos
663 2500 862 2564 parietes
894 2499 1053 2563 paucis
1086 2497 1358 2546 videntibus
1395 2495 1595 2544 resusci-

187 2589 279 2624 tata
310 2590 402 2633 est,
433 2577 741 2641 designantur
765 2587 1055 2641 peccatores,
1082 2576 1162 2640 qui
1194 2585 1440 2640 peccatum
1467 2573 1595 2619 intus

232 2758 280 2795 (i,
303 2756 422 2788 Joann
461 2764 508 2790 xi,
538 2751 630 2792 ι-ίιῦ,
