<?xml version="1.0" encoding="UTF-8"?>
<!DOCTYPE html PUBLIC "-//W3C//DTD XHTML 1.0 Transitional//EN"
    "http://www.w3.org/TR/xhtml1/DTD/xhtml1-transitional.dtd">
<html xmlns="http://www.w3.org/1999/xhtml" xml:lang="en" lang="en">
 <head>
  <title>
</title>
<meta http-equiv="Content-Type" content="text/html;charset=utf-8" />
  <meta name='ocr-system' content='tesseract 3.04.00' />
  <meta name='ocr-capabilities' content='ocr_page ocr_carea ocr_par ocr_line ocrx_word'/>
</head>
<body>
  <div class='ocr_page' id='page_1' title='image "./ordericivitalish01ordeuoft_0138.png"; bbox 0 0 1738 3043; ppageno 0'>
   <div class='ocr_carea' id='block_1_1' title="bbox 203 266 1249 307">
    <p class='ocr_par' dir='ltr' id='par_1_1' title="bbox 203 266 1249 307">
     <span class='ocr_line' id='line_1_1' title="bbox 203 266 1249 307; baseline -0.003 0"><span class='ocrx_word' id='word_1_1' title='bbox 203 271 279 307; x_wconf 68' lang='lat'>122</span> <span class='ocrx_word' id='word_1_2' title='bbox 570 266 814 306; x_wconf 79' lang='lat' dir='ltr'>HISTORIA</span> <span class='ocrx_word' id='word_1_3' title='bbox 845 267 1249 306; x_wconf 78' lang='lat' dir='ltr'>ECCLESIASTICA.</span> 
     </span>
    </p>
   </div>
   <div class='ocr_carea' id='block_1_2' title="bbox 202 345 1650 2185">
    <p class='ocr_par' dir='ltr' id='par_1_2' title="bbox 202 345 1629 723">
     <span class='ocr_line' id='line_1_2' title="bbox 268 345 1622 406; baseline 0.001 -12"><span class='ocrx_word' id='word_1_4' title='bbox 268 346 512 395; x_wconf 85' lang='lat' dir='ltr'>Honorius</span> <span class='ocrx_word' id='word_1_5' title='bbox 533 363 645 393; x_wconf 92' lang='lat' dir='ltr'>cum</span> <span class='ocrx_word' id='word_1_6' title='bbox 669 345 940 394; x_wconf 89' lang='lat' dir='ltr'>Theodosio</span> <span class='ocrx_word' id='word_1_7' title='bbox 966 347 1179 404; x_wconf 87' lang='lat' dir='ltr'>minore,</span> <span class='ocrx_word' id='word_1_8' title='bbox 1209 347 1370 393; x_wconf 89' lang='lat' dir='ltr'>fratris</span> <span class='ocrx_word' id='word_1_9' title='bbox 1395 348 1465 394; x_wconf 89' lang='lat' dir='ltr'>sui</span> <span class='ocrx_word' id='word_1_10' title='bbox 1490 348 1592 396; x_wconf 85' lang='lat' dir='ltr'>filio</span> <span class='ocrx_word' id='word_1_11' title='bbox 1609 385 1622 406; x_wconf 96' lang='lat'>,</span> 
     </span>
     <span class='ocr_line' id='line_1_3' title="bbox 202 422 1623 483; baseline 0.001 -11"><span class='ocrx_word' id='word_1_12' title='bbox 202 426 341 472; x_wconf 89' lang='lat' dir='ltr'>annis</span> <span class='ocrx_word' id='word_1_13' title='bbox 378 440 479 470; x_wconf 70' lang='lat' dir='ltr'>xvx.</span> <span class='ocrx_word' id='word_1_14' title='bbox 521 422 737 471; x_wconf 85' lang='lat' dir='ltr'>Alaricus</span> <span class='ocrx_word' id='word_1_15' title='bbox 768 443 851 472; x_wconf 86' lang='lat' dir='ltr'>rex</span> <span class='ocrx_word' id='word_1_16' title='bbox 884 424 1158 472; x_wconf 83' lang='lat' dir='ltr'>Gothorum</span> <span class='ocrx_word' id='word_1_17' title='bbox 1192 425 1395 473; x_wconf 83' lang='lat' dir='ltr'>Romam</span> <span class='ocrx_word' id='word_1_18' title='bbox 1429 425 1623 483; x_wconf 87' lang='lat' dir='ltr'>invasit,</span> 
     </span>
     <span class='ocr_line' id='line_1_4' title="bbox 205 501 1625 567; baseline 0.001 -20"><span class='ocrx_word' id='word_1_19' title='bbox 205 511 484 566; x_wconf 87' lang='lat' dir='ltr'>partemque</span> <span class='ocrx_word' id='word_1_20' title='bbox 506 502 603 565; x_wconf 82' lang='lat' dir='ltr'>ejus</span> <span class='ocrx_word' id='word_1_21' title='bbox 622 501 845 550; x_wconf 90' lang='lat' dir='ltr'>incendio</span> <span class='ocrx_word' id='word_1_22' title='bbox 865 503 1093 549; x_wconf 87' lang='lat' dir='ltr'>cremavit</span> <span class='ocrx_word' id='word_1_23' title='bbox 1116 511 1187 548; x_wconf 81' lang='lat' dir='ltr'>1x⁰</span> <span class='ocrx_word' id='word_1_24' title='bbox 1209 502 1300 549; x_wconf 84' lang='lat' dir='ltr'>kal.</span> <span class='ocrx_word' id='word_1_25' title='bbox 1324 501 1625 567; x_wconf 82' lang='lat' dir='ltr'><strong>septembris,</strong></span> 
     </span>
     <span class='ocr_line' id='line_1_5' title="bbox 206 579 1629 646; baseline 0.001 -20"><span class='ocrx_word' id='word_1_26' title='bbox 206 597 333 626; x_wconf 87' lang='lat' dir='ltr'>anno</span> <span class='ocrx_word' id='word_1_27' title='bbox 358 579 651 627; x_wconf 87' lang='lat' dir='ltr'>conditionis</span> <span class='ocrx_word' id='word_1_28' title='bbox 675 583 772 645; x_wconf 80' lang='lat' dir='ltr'>ejus</span> <span class='ocrx_word' id='word_1_29' title='bbox 796 590 1021 637; x_wconf 65' lang='lat' dir='ltr'>nich1v⁰,</span> <span class='ocrx_word' id='word_1_30' title='bbox 1048 597 1100 626; x_wconf 90' lang='lat' dir='ltr'>ac</span> <span class='ocrx_word' id='word_1_31' title='bbox 1119 591 1252 628; x_wconf 86' lang='lat' dir='ltr'>sexto</span> <span class='ocrx_word' id='word_1_32' title='bbox 1278 580 1354 628; x_wconf 90' lang='lat' dir='ltr'>die</span> <span class='ocrx_word' id='word_1_33' title='bbox 1377 598 1522 646; x_wconf 89' lang='lat' dir='ltr'>quam</span> <span class='ocrx_word' id='word_1_34' title='bbox 1555 581 1629 627; x_wconf 91' lang='lat' dir='ltr'>in-</span> 
     </span>
     <span class='ocr_line' id='line_1_6' title="bbox 204 657 1485 723; baseline 0.001 -19"><span class='ocrx_word' id='word_1_35' title='bbox 204 675 390 722; x_wconf 82' lang='lat' dir='ltr'>gressus</span> <span class='ocrx_word' id='word_1_36' title='bbox 422 657 604 715; x_wconf 88' lang='lat' dir='ltr'>fuerat,</span> <span class='ocrx_word' id='word_1_37' title='bbox 629 657 897 723; x_wconf 79' lang='lat' dir='ltr'>depraedata</span> <span class='ocrx_word' id='word_1_38' title='bbox 919 657 1037 706; x_wconf 84' lang='lat' dir='ltr'>urbe</span> <span class='ocrx_word' id='word_1_39' title='bbox 1061 676 1270 723; x_wconf 77' lang='lat' dir='ltr'>egressus</span> <span class='ocrx_word' id='word_1_40' title='bbox 1296 668 1366 706; x_wconf 91' lang='lat' dir='ltr'>est</span> <span class='ocrx_word' id='word_1_41' title='bbox 1391 659 1485 722; x_wconf 85' lang='grc' dir='ltr'>(ι).</span> 
     </span>
    </p>

    <p class='ocr_par' dir='ltr' id='par_1_3' title="bbox 208 736 1650 2185">
     <span class='ocr_line' id='line_1_7' title="bbox 274 736 1633 802; baseline 0 -20"><span class='ocrx_word' id='word_1_42' title='bbox 274 736 508 783; x_wconf 82' lang='lat' dir='ltr'>Lucianus</span> <span class='ocrx_word' id='word_1_43' title='bbox 543 736 826 802; x_wconf 80' lang='lat' dir='ltr'>presbyter,</span> <span class='ocrx_word' id='word_1_44' title='bbox 865 737 939 783; x_wconf 93' lang='lat' dir='ltr'>cui</span> <span class='ocrx_word' id='word_1_45' title='bbox 980 737 1205 784; x_wconf 83' lang='lat' dir='ltr'>revelavit</span> <span class='ocrx_word' id='word_1_46' title='bbox 1238 737 1502 795; x_wconf 83' lang='lat' dir='ltr'>Dominus,</span> <span class='ocrx_word' id='word_1_47' title='bbox 1543 746 1633 784; x_wconf 77' lang='lat' dir='ltr'>v11⁰</span> 
     </span>
     <span class='ocr_line' id='line_1_8' title="bbox 208 814 1634 880; baseline 0.001 -20"><span class='ocrx_word' id='word_1_48' title='bbox 208 814 413 861; x_wconf 88' lang='lat' dir='ltr'>Honorii</span> <span class='ocrx_word' id='word_1_49' title='bbox 444 815 674 880; x_wconf 90' lang='lat' dir='ltr'>principis</span> <span class='ocrx_word' id='word_1_50' title='bbox 706 833 860 872; x_wconf 84' lang='lat' dir='ltr'>anno,</span> <span class='ocrx_word' id='word_1_51' title='bbox 896 816 1056 863; x_wconf 91' lang='lat' dir='ltr'>locum</span> <span class='ocrx_word' id='word_1_52' title='bbox 1089 815 1290 879; x_wconf 81' lang='lat' dir='ltr'><strong>sepulcri</strong></span> <span class='ocrx_word' id='word_1_53' title='bbox 1331 827 1378 863; x_wconf 89' lang='lat' dir='ltr'>et</span> <span class='ocrx_word' id='word_1_54' title='bbox 1409 814 1634 880; x_wconf 87' lang='lat' dir='ltr'>reliquia-</span> 
     </span>
     <span class='ocr_line' id='line_1_9' title="bbox 209 891 1635 958; baseline 0.001 -21"><span class='ocrx_word' id='word_1_55' title='bbox 209 909 318 937; x_wconf 89' lang='lat' dir='ltr'>rum</span> <span class='ocrx_word' id='word_1_56' title='bbox 356 891 480 939; x_wconf 89' lang='lat' dir='ltr'>beati</span> <span class='ocrx_word' id='word_1_57' title='bbox 516 894 889 958; x_wconf 83' lang='lat' dir='ltr'>protomartyris</span> <span class='ocrx_word' id='word_1_58' title='bbox 925 892 1151 958; x_wconf 79' lang='lat' dir='ltr'>Stephani</span> <span class='ocrx_word' id='word_1_59' title='bbox 1191 903 1240 940; x_wconf 91' lang='lat' dir='ltr'>et</span> <span class='ocrx_word' id='word_1_60' title='bbox 1273 892 1544 940; x_wconf 88' lang='lat' dir='ltr'>Gamalielis</span> <span class='ocrx_word' id='word_1_61' title='bbox 1583 909 1635 939; x_wconf 93' lang='lat' dir='ltr'>ac</span> 
     </span>
     <span class='ocr_line' id='line_1_10' title="bbox 210 968 1638 1036; baseline 0 -20"><span class='ocrx_word' id='word_1_62' title='bbox 210 968 489 1027; x_wconf 90' lang='lat' dir='ltr'>Nicodemi,</span> <span class='ocrx_word' id='word_1_63' title='bbox 533 971 614 1035; x_wconf 90' lang='lat' dir='ltr'>qui</span> <span class='ocrx_word' id='word_1_64' title='bbox 661 971 708 1017; x_wconf 90' lang='lat' dir='ltr'>in</span> <span class='ocrx_word' id='word_1_65' title='bbox 744 971 1006 1036; x_wconf 81' lang='lat' dir='ltr'>Evangelio</span> <span class='ocrx_word' id='word_1_66' title='bbox 1037 981 1084 1018; x_wconf 91' lang='lat' dir='ltr'>et</span> <span class='ocrx_word' id='word_1_67' title='bbox 1118 971 1165 1018; x_wconf 88' lang='lat' dir='ltr'>in</span> <span class='ocrx_word' id='word_1_68' title='bbox 1199 970 1399 1017; x_wconf 91' lang='lat' dir='ltr'>Actibus</span> <span class='ocrx_word' id='word_1_69' title='bbox 1432 970 1638 1035; x_wconf 84' lang='lat' dir='ltr'>Aposto-</span> 
     </span>
     <span class='ocr_line' id='line_1_11' title="bbox 211 1046 1639 1113; baseline 0.001 -21"><span class='ocrx_word' id='word_1_70' title='bbox 211 1046 372 1093; x_wconf 91' lang='lat' dir='ltr'>lorum</span> <span class='ocrx_word' id='word_1_71' title='bbox 407 1047 660 1112; x_wconf 84' lang='lat' dir='ltr'>leguntur,</span> <span class='ocrx_word' id='word_1_72' title='bbox 696 1048 885 1112; x_wconf 81' lang='lat' dir='ltr'>scripsit</span> <span class='ocrx_word' id='word_1_73' title='bbox 924 1049 1072 1112; x_wconf 86' lang='lat' dir='ltr'>ipsam</span> <span class='ocrx_word' id='word_1_74' title='bbox 1107 1048 1447 1096; x_wconf 70' lang='lat' dir='ltr'>revelationem</span> <span class='ocrx_word' id='word_1_75' title='bbox 1481 1064 1639 1113; x_wconf 78' lang='lat' dir='ltr'>graeco</span> 
     </span>
     <span class='ocr_line' id='line_1_12' title="bbox 211 1125 1639 1190; baseline 0.001 -19"><span class='ocrx_word' id='word_1_76' title='bbox 211 1143 449 1183; x_wconf 86' lang='lat' dir='ltr'>sermone,</span> <span class='ocrx_word' id='word_1_77' title='bbox 468 1125 525 1172; x_wconf 87' lang='lat' dir='ltr'>ad</span> <span class='ocrx_word' id='word_1_78' title='bbox 546 1127 767 1173; x_wconf 90' lang='lat' dir='ltr'>omnium</span> <span class='ocrx_word' id='word_1_79' title='bbox 785 1126 1087 1174; x_wconf 88' lang='lat' dir='ltr'>ecclesiarum</span> <span class='ocrx_word' id='word_1_80' title='bbox 1101 1143 1354 1190; x_wconf 84' lang='lat' dir='ltr'>personam</span> <span class='ocrx_word' id='word_1_81' title='bbox 1368 1126 1462 1190; x_wconf 87' lang='lat'>(2).</span> <span class='ocrx_word' id='word_1_82' title='bbox 1483 1125 1639 1187; x_wconf 86' lang='lat' dir='ltr'>Quam</span> 
     </span>
     <span class='ocr_line' id='line_1_13' title="bbox 211 1203 1638 1269; baseline 0.001 -20"><span class='ocrx_word' id='word_1_83' title='bbox 211 1203 496 1251; x_wconf 89' lang='lat' dir='ltr'>relationem</span> <span class='ocrx_word' id='word_1_84' title='bbox 521 1203 689 1250; x_wconf 88' lang='lat' dir='ltr'>Avitus</span> <span class='ocrx_word' id='word_1_85' title='bbox 711 1203 988 1269; x_wconf 83' lang='lat' dir='ltr'>presbyter,</span> <span class='ocrx_word' id='word_1_86' title='bbox 1017 1203 1163 1252; x_wconf 91' lang='lat' dir='ltr'>homo</span> <span class='ocrx_word' id='word_1_87' title='bbox 1184 1203 1408 1269; x_wconf 88' lang='lat' dir='ltr'>hispanus</span> <span class='ocrx_word' id='word_1_88' title='bbox 1436 1221 1608 1269; x_wconf 82' lang='lat' dir='ltr'>genere</span> <span class='ocrx_word' id='word_1_89' title='bbox 1625 1239 1638 1260; x_wconf 93' lang='lat'>,</span> 
     </span>
     <span class='ocr_line' id='line_1_14' title="bbox 214 1281 1642 1355; baseline 0.001 -28"><span class='ocrx_word' id='word_1_90' title='bbox 214 1281 264 1328; x_wconf 92' lang='lat' dir='ltr'>in</span> <span class='ocrx_word' id='word_1_91' title='bbox 285 1281 489 1328; x_wconf 86' lang='lat' dir='ltr'>latinum</span> <span class='ocrx_word' id='word_1_92' title='bbox 506 1282 676 1340; x_wconf 82' lang='lat' dir='ltr'>vertit,</span> <span class='ocrx_word' id='word_1_93' title='bbox 704 1293 752 1330; x_wconf 94' lang='lat' dir='ltr'>et</span> <span class='ocrx_word' id='word_1_94' title='bbox 771 1282 949 1347; x_wconf 87' lang='lat' dir='ltr'>adjecta</span> <span class='ocrx_word' id='word_1_95' title='bbox 969 1283 1165 1348; x_wconf 84' lang='lat' dir='ltr'>epistola</span> <span class='ocrx_word' id='word_1_96' title='bbox 1185 1301 1291 1342; x_wconf 88' lang='lat' dir='ltr'>sua,</span> <span class='ocrx_word' id='word_1_97' title='bbox 1313 1300 1399 1348; x_wconf 88' lang='lat' dir='ltr'>per</span> <span class='ocrx_word' id='word_1_98' title='bbox 1417 1282 1642 1355; x_wconf 80' lang='lat' dir='ltr'>Orosium</span> 
     </span>
     <span class='ocr_line' id='line_1_15' title="bbox 214 1357 1643 1424; baseline 0 -19"><span class='ocrx_word' id='word_1_99' title='bbox 214 1357 552 1424; x_wconf 82' lang='lat' dir='ltr'>presbyterum</span> <span class='ocrx_word' id='word_1_100' title='bbox 567 1394 580 1417; x_wconf 92' lang='lat'>‚</span> <span class='ocrx_word' id='word_1_101' title='bbox 601 1358 980 1407; x_wconf 88' lang='lat' dir='ltr'>occidentalibus</span> <span class='ocrx_word' id='word_1_102' title='bbox 998 1359 1144 1407; x_wconf 88' lang='lat' dir='ltr'>dedit.</span> <span class='ocrx_word' id='word_1_103' title='bbox 1169 1360 1262 1420; x_wconf 85' lang='lat' dir='ltr'>Qui</span> <span class='ocrx_word' id='word_1_104' title='bbox 1286 1360 1427 1407; x_wconf 89' lang='lat' dir='ltr'>etiam</span> <span class='ocrx_word' id='word_1_105' title='bbox 1446 1359 1643 1407; x_wconf 87' lang='lat' dir='ltr'>Orosius</span> 
     </span>
     <span class='ocr_line' id='line_1_16' title="bbox 215 1435 1644 1504; baseline 0.001 -22"><span class='ocrx_word' id='word_1_106' title='bbox 215 1435 272 1482; x_wconf 84' lang='lat' dir='ltr'>ad</span> <span class='ocrx_word' id='word_1_107' title='bbox 300 1436 401 1483; x_wconf 87' lang='lat' dir='ltr'>loca</span> <span class='ocrx_word' id='word_1_108' title='bbox 434 1447 592 1483; x_wconf 87' lang='lat' dir='ltr'>sancta</span> <span class='ocrx_word' id='word_1_109' title='bbox 628 1438 937 1501; x_wconf 88' lang='lat' dir='ltr'>perveniens,</span> <span class='ocrx_word' id='word_1_110' title='bbox 979 1455 1076 1504; x_wconf 91' lang='lat' dir='ltr'>quo</span> <span class='ocrx_word' id='word_1_111' title='bbox 1114 1456 1223 1486; x_wconf 90' lang='lat' dir='ltr'>eum</span> <span class='ocrx_word' id='word_1_112' title='bbox 1257 1438 1552 1503; x_wconf 86' lang='lat' dir='ltr'>Augustinus</span> <span class='ocrx_word' id='word_1_113' title='bbox 1587 1436 1644 1484; x_wconf 88' lang='lat' dir='ltr'>ad</span> 
     </span>
     <span class='ocr_line' id='line_1_17' title="bbox 216 1516 1643 1580; baseline 0.002 -20"><span class='ocrx_word' id='word_1_114' title='bbox 216 1516 570 1580; x_wconf 81' lang='lat' dir='ltr'>Hieronymum</span> <span class='ocrx_word' id='word_1_115' title='bbox 608 1533 700 1580; x_wconf 93' lang='lat' dir='ltr'>pro</span> <span class='ocrx_word' id='word_1_116' title='bbox 736 1516 954 1564; x_wconf 87' lang='lat' dir='ltr'>discenda</span> <span class='ocrx_word' id='word_1_117' title='bbox 989 1519 1161 1564; x_wconf 85' lang='lat' dir='ltr'>animae</span> <span class='ocrx_word' id='word_1_118' title='bbox 1197 1517 1384 1565; x_wconf 87' lang='lat' dir='ltr'>ratione</span> <span class='ocrx_word' id='word_1_119' title='bbox 1418 1517 1643 1576; x_wconf 87' lang='lat' dir='ltr'>miserat,</span> 
     </span>
     <span class='ocr_line' id='line_1_18' title="bbox 216 1590 1644 1659; baseline 0.001 -23"><span class='ocrx_word' id='word_1_120' title='bbox 216 1591 440 1656; x_wconf 88' lang='lat' dir='ltr'>reliquias</span> <span class='ocrx_word' id='word_1_121' title='bbox 464 1590 587 1639; x_wconf 86' lang='lat' dir='ltr'>beati</span> <span class='ocrx_word' id='word_1_122' title='bbox 617 1592 842 1657; x_wconf 85' lang='lat' dir='ltr'>Stephani</span> <span class='ocrx_word' id='word_1_123' title='bbox 871 1594 1078 1658; x_wconf 89' lang='lat' dir='ltr'>accepit,</span> <span class='ocrx_word' id='word_1_124' title='bbox 1109 1594 1408 1659; x_wconf 85' lang='lat' dir='ltr'>patriamque</span> <span class='ocrx_word' id='word_1_125' title='bbox 1430 1610 1644 1642; x_wconf 88' lang='lat' dir='ltr'>reversus</span> 
     </span>
     <span class='ocr_line' id='line_1_19' title="bbox 215 1667 1645 1734; baseline 0.001 -18"><span class='ocrx_word' id='word_1_126' title='bbox 215 1667 454 1716; x_wconf 89' lang='lat' dir='ltr'>occidenti</span> <span class='ocrx_word' id='word_1_127' title='bbox 489 1671 671 1734; x_wconf 89' lang='lat' dir='ltr'>primus</span> <span class='ocrx_word' id='word_1_128' title='bbox 703 1670 886 1716; x_wconf 86' lang='lat' dir='ltr'>intulit.</span> <span class='ocrx_word' id='word_1_129' title='bbox 917 1671 1135 1717; x_wconf 87' lang='lat' dir='ltr'>Britanni</span> <span class='ocrx_word' id='word_1_130' title='bbox 1166 1671 1450 1728; x_wconf 88' lang='lat' dir='ltr'>Scotorum,</span> <span class='ocrx_word' id='word_1_131' title='bbox 1485 1671 1645 1717; x_wconf 87' lang='lat' dir='ltr'>Picto-</span> 
     </span>
     <span class='ocr_line' id='line_1_20' title="bbox 214 1746 1642 1811; baseline 0.001 -19"><span class='ocrx_word' id='word_1_132' title='bbox 214 1764 420 1811; x_wconf 86' lang='lat' dir='ltr'>rumque</span> <span class='ocrx_word' id='word_1_133' title='bbox 441 1746 795 1794; x_wconf 82' lang='lat' dir='ltr'>insestationem</span> <span class='ocrx_word' id='word_1_134' title='bbox 815 1764 914 1794; x_wconf 88' lang='lat' dir='ltr'>non</span> <span class='ocrx_word' id='word_1_135' title='bbox 936 1746 1168 1804; x_wconf 77' lang='lat' dir='ltr'>ferentes,</span> <span class='ocrx_word' id='word_1_136' title='bbox 1194 1748 1394 1795; x_wconf 85' lang='lat' dir='ltr'>Romam</span> <span class='ocrx_word' id='word_1_137' title='bbox 1410 1747 1642 1805; x_wconf 90' lang='lat' dir='ltr'>mittunt,</span> 
     </span>
     <span class='ocr_line' id='line_1_21' title="bbox 218 1823 1647 1889; baseline 0.001 -20"><span class='ocrx_word' id='word_1_138' title='bbox 218 1833 266 1870; x_wconf 93' lang='lat' dir='ltr'>et</span> <span class='ocrx_word' id='word_1_139' title='bbox 304 1824 374 1870; x_wconf 92' lang='lat' dir='ltr'>sui</span> <span class='ocrx_word' id='word_1_140' title='bbox 410 1823 704 1888; x_wconf 89' lang='lat' dir='ltr'>subjectione</span> <span class='ocrx_word' id='word_1_141' title='bbox 739 1825 1000 1889; x_wconf 85' lang='lat' dir='ltr'>promissa,</span> <span class='ocrx_word' id='word_1_142' title='bbox 1039 1834 1207 1872; x_wconf 88' lang='lat' dir='ltr'>contra</span> <span class='ocrx_word' id='word_1_143' title='bbox 1245 1823 1432 1872; x_wconf 90' lang='lat' dir='ltr'>hostem</span> <span class='ocrx_word' id='word_1_144' title='bbox 1473 1824 1647 1872; x_wconf 82' lang='lat' dir='ltr'>auxilia</span> 
     </span>
     <span class='ocr_line' id='line_1_22' title="bbox 220 1900 1649 1968; baseline 0.001 -20"><span class='ocrx_word' id='word_1_145' title='bbox 220 1901 452 1967; x_wconf 79' lang='lat' dir='ltr'>flagitant.</span> <span class='ocrx_word' id='word_1_146' title='bbox 484 1901 668 1963; x_wconf 89' lang='lat' dir='ltr'>Quibus</span> <span class='ocrx_word' id='word_1_147' title='bbox 685 1903 843 1949; x_wconf 86' lang='lat' dir='ltr'>statim</span> <span class='ocrx_word' id='word_1_148' title='bbox 862 1904 999 1949; x_wconf 83' lang='lat' dir='ltr'>missa</span> <span class='ocrx_word' id='word_1_149' title='bbox 1028 1903 1150 1968; x_wconf 79' lang='lat' dir='ltr'>legio</span> <span class='ocrx_word' id='word_1_150' title='bbox 1177 1921 1399 1968; x_wconf 82' lang='lat' dir='ltr'>magnam</span> <span class='ocrx_word' id='word_1_151' title='bbox 1421 1900 1649 1950; x_wconf 85' lang='lat' dir='ltr'>barbaro-</span> 
     </span>
     <span class='ocr_line' id='line_1_23' title="bbox 221 1977 1647 2037; baseline 0.001 -12"><span class='ocrx_word' id='word_1_152' title='bbox 221 1997 330 2025; x_wconf 89' lang='lat' dir='ltr'>rum</span> <span class='ocrx_word' id='word_1_153' title='bbox 354 1979 718 2027; x_wconf 86' lang='lat' dir='ltr'>multitudinem</span> <span class='ocrx_word' id='word_1_154' title='bbox 738 1981 935 2037; x_wconf 89' lang='lat' dir='ltr'>sternit,</span> <span class='ocrx_word' id='word_1_155' title='bbox 965 1990 1164 2028; x_wconf 87' lang='lat' dir='ltr'>caeteros</span> <span class='ocrx_word' id='word_1_156' title='bbox 1187 1979 1451 2026; x_wconf 84' lang='lat' dir='ltr'>Britanniae</span> <span class='ocrx_word' id='word_1_157' title='bbox 1470 1977 1647 2026; x_wconf 91' lang='lat' dir='ltr'>finibus</span> 
     </span>
     <span class='ocr_line' id='line_1_24' title="bbox 220 2057 1647 2124; baseline 0.001 -19"><span class='ocrx_word' id='word_1_158' title='bbox 220 2057 356 2121; x_wconf 87' lang='lat' dir='ltr'>pellit</span> <span class='ocrx_word' id='word_1_159' title='bbox 373 2094 387 2115; x_wconf 94' lang='lat'>,</span> <span class='ocrx_word' id='word_1_160' title='bbox 415 2076 466 2104; x_wconf 82' lang='lat' dir='ltr'>ac</span> <span class='ocrx_word' id='word_1_161' title='bbox 494 2058 692 2106; x_wconf 91' lang='lat' dir='ltr'>domum</span> <span class='ocrx_word' id='word_1_162' title='bbox 716 2077 960 2106; x_wconf 84' lang='lat' dir='ltr'>reversura</span> <span class='ocrx_word' id='word_1_163' title='bbox 981 2060 1210 2124; x_wconf 79' lang='lat' dir='ltr'>praecepit</span> <span class='ocrx_word' id='word_1_164' title='bbox 1234 2059 1373 2107; x_wconf 88' lang='lat' dir='ltr'>sociis</span> <span class='ocrx_word' id='word_1_165' title='bbox 1394 2057 1453 2105; x_wconf 86' lang='lat' dir='ltr'>ad</span> <span class='ocrx_word' id='word_1_166' title='bbox 1483 2075 1647 2106; x_wconf 86' lang='lat' dir='ltr'>arcen-</span> 
     </span>
     <span class='ocr_line' id='line_1_25' title="bbox 222 2135 1650 2185; baseline 0 -3"><span class='ocrx_word' id='word_1_167' title='bbox 222 2136 307 2183; x_wconf 89' lang='lat' dir='ltr'>dos</span> <span class='ocrx_word' id='word_1_168' title='bbox 336 2135 492 2185; x_wconf 87' lang='lat' dir='ltr'>hostes</span> <span class='ocrx_word' id='word_1_169' title='bbox 517 2155 711 2185; x_wconf 90' lang='lat' dir='ltr'>murum</span> <span class='ocrx_word' id='word_1_170' title='bbox 736 2148 867 2184; x_wconf 86' lang='lat' dir='ltr'>trans</span> <span class='ocrx_word' id='word_1_171' title='bbox 888 2138 1091 2184; x_wconf 88' lang='lat' dir='ltr'>insulam</span> <span class='ocrx_word' id='word_1_172' title='bbox 1120 2138 1247 2185; x_wconf 85' lang='lat' dir='ltr'>inter</span> <span class='ocrx_word' id='word_1_173' title='bbox 1265 2137 1361 2184; x_wconf 93' lang='lat' dir='ltr'>duo</span> <span class='ocrx_word' id='word_1_174' title='bbox 1387 2136 1534 2183; x_wconf 87' lang='lat' dir='ltr'>maria</span> <span class='ocrx_word' id='word_1_175' title='bbox 1553 2146 1650 2182; x_wconf 86' lang='lat' dir='ltr'>sta-</span> 
     </span>
    </p>
   </div>
   <div class='ocr_carea' id='block_1_3' title="bbox 225 2313 1650 2775">
    <p class='ocr_par' dir='ltr' id='par_1_4' title="bbox 225 2313 1649 2406">
     <span class='ocr_line' id='line_1_26' title="bbox 225 2313 1649 2363; baseline 0.004 -18"><span class='ocrx_word' id='word_1_176' title='bbox 225 2315 291 2354; x_wconf 63' lang='lat' dir='ltr'>Aol,</span> <span class='ocrx_word' id='word_1_177' title='bbox 304 2341 313 2354; x_wconf 86' lang='lat'>‚</span> <span class='ocrx_word' id='word_1_178' title='bbox 334 2313 500 2348; x_wconf 73' lang='grc' dir='ltr'>ΙἸιιΪϊόείρ</span> <span class='ocrx_word' id='word_1_179' title='bbox 520 2315 565 2349; x_wconf 87' lang='lat' dir='ltr'>de</span> <span class='ocrx_word' id='word_1_180' title='bbox 580 2316 729 2362; x_wconf 67' lang='lat' dir='ltr'>pelage,</span> <span class='ocrx_word' id='word_1_181' title='bbox 751 2323 786 2350; x_wconf 82' lang='lat' dir='ltr'>et</span> <span class='ocrx_word' id='word_1_182' title='bbox 805 2316 917 2363; x_wconf 84' lang='lat' dir='ltr'>qu’on</span> <span class='ocrx_word' id='word_1_183' title='bbox 935 2315 1036 2362; x_wconf 87' lang='lat' dir='ltr'>place</span> <span class='ocrx_word' id='word_1_184' title='bbox 1054 2316 1086 2349; x_wconf 84' lang='lat' dir='ltr'>la</span> <span class='ocrx_word' id='word_1_185' title='bbox 1105 2315 1280 2362; x_wconf 70' lang='lat' dir='ltr'>legende,</span> <span class='ocrx_word' id='word_1_186' title='bbox 1303 2317 1377 2351; x_wconf 67' lang='lat' dir='ltr'>tres</span> <span class='ocrx_word' id='word_1_187' title='bbox 1400 2322 1583 2363; x_wconf 89' lang='lat' dir='ltr'>suspecte,</span> <span class='ocrx_word' id='word_1_188' title='bbox 1603 2315 1649 2351; x_wconf 86' lang='lat' dir='ltr'>de</span> 
     </span>
     <span class='ocr_line' id='line_1_27' title="bbox 226 2371 476 2406; baseline 0.008 -2"><span class='ocrx_word' id='word_1_189' title='bbox 226 2371 321 2405; x_wconf 80' lang='lat' dir='ltr'>saint</span> <span class='ocrx_word' id='word_1_190' title='bbox 340 2372 476 2406; x_wconf 74' lang='lat' dir='ltr'>Alexis.</span> 
     </span>
    </p>

    <p class='ocr_par' dir='ltr' id='par_1_5' title="bbox 226 2430 1650 2775">
     <span class='ocr_line' id='line_1_28' title="bbox 272 2430 1647 2480; baseline 0.004 -18"><span class='ocrx_word' id='word_1_191' title='bbox 272 2431 322 2475; x_wconf 79' lang='grc' dir='ltr'>(ι)</span> <span class='ocrx_word' id='word_1_192' title='bbox 348 2430 409 2474; x_wconf 74' lang='grc' dir='ltr'>(ι“</span> <span class='ocrx_word' id='word_1_193' title='bbox 428 2430 499 2464; x_wconf 83' lang='lat' dir='ltr'>mai</span> <span class='ocrx_word' id='word_1_194' title='bbox 528 2430 660 2472; x_wconf 67' lang='lat'>408-113</span> <span class='ocrx_word' id='word_1_195' title='bbox 680 2432 765 2466; x_wconf 71' lang='lat' dir='ltr'>amit</span> <span class='ocrx_word' id='word_1_196' title='bbox 785 2430 884 2477; x_wconf 73' lang='lat'>423).</span> <span class='ocrx_word' id='word_1_197' title='bbox 916 2433 962 2467; x_wconf 87' lang='lat' dir='ltr'>La</span> <span class='ocrx_word' id='word_1_198' title='bbox 981 2433 1078 2480; x_wconf 84' lang='lat' dir='ltr'>prise</span> <span class='ocrx_word' id='word_1_199' title='bbox 1096 2433 1141 2467; x_wconf 84' lang='lat' dir='ltr'>de</span> <span class='ocrx_word' id='word_1_200' title='bbox 1162 2433 1279 2468; x_wconf 76' lang='lat' dir='ltr'>Rome</span> <span class='ocrx_word' id='word_1_201' title='bbox 1302 2445 1367 2480; x_wconf 87' lang='lat' dir='ltr'>par</span> <span class='ocrx_word' id='word_1_202' title='bbox 1384 2432 1507 2468; x_wconf 88' lang='lat' dir='ltr'>Alaric</span> <span class='ocrx_word' id='word_1_203' title='bbox 1524 2440 1579 2468; x_wconf 87' lang='lat' dir='ltr'>est</span> <span class='ocrx_word' id='word_1_204' title='bbox 1597 2433 1647 2468; x_wconf 93' lang='lat' dir='ltr'>du</span> 
     </span>
     <span class='ocr_line' id='line_1_29' title="bbox 226 2489 1646 2540; baseline 0.004 -18"><span class='ocrx_word' id='word_1_205' title='bbox 226 2491 270 2530; x_wconf 66' lang='lat'>24</span> <span class='ocrx_word' id='word_1_206' title='bbox 287 2489 374 2523; x_wconf 79' lang='lat' dir='ltr'>aout</span> <span class='ocrx_word' id='word_1_207' title='bbox 393 2492 470 2537; x_wconf 76' lang='lat'>409.</span> <span class='ocrx_word' id='word_1_208' title='bbox 494 2490 543 2524; x_wconf 90' lang='lat' dir='ltr'>Ici</span> <span class='ocrx_word' id='word_1_209' title='bbox 563 2498 669 2526; x_wconf 80' lang='lat' dir='ltr'>notre</span> <span class='ocrx_word' id='word_1_210' title='bbox 686 2499 816 2526; x_wconf 80' lang='lat' dir='ltr'>auteur</span> <span class='ocrx_word' id='word_1_211' title='bbox 835 2500 975 2535; x_wconf 82' lang='lat' dir='ltr'>rcntre,</span> <span class='ocrx_word' id='word_1_212' title='bbox 998 2493 1276 2540; x_wconf 83' lang='lat' dir='ltr'>probablement</span> <span class='ocrx_word' id='word_1_213' title='bbox 1289 2505 1355 2540; x_wconf 85' lang='lat' dir='ltr'>par</span> <span class='ocrx_word' id='word_1_214' title='bbox 1371 2492 1646 2537; x_wconf 81' lang='lat' dir='ltr'>inadvertance‚</span> 
     </span>
     <span class='ocr_line' id='line_1_30' title="bbox 226 2547 1647 2599; baseline 0.004 -18"><span class='ocrx_word' id='word_1_215' title='bbox 226 2547 315 2582; x_wconf 83' lang='lat' dir='ltr'>dans</span> <span class='ocrx_word' id='word_1_216' title='bbox 334 2548 366 2582; x_wconf 79' lang='lat' dir='ltr'>le</span> <span class='ocrx_word' id='word_1_217' title='bbox 385 2550 538 2595; x_wconf 62' lang='lat' dir='ltr'>systeme</span> <span class='ocrx_word' id='word_1_218' title='bbox 556 2550 847 2599; x_wconf 78' lang='lat' dir='ltr'>chronologique</span> <span class='ocrx_word' id='word_1_219' title='bbox 865 2551 910 2586; x_wconf 80' lang='lat' dir='ltr'>cle</span> <span class='ocrx_word' id='word_1_220' title='bbox 928 2552 1234 2596; x_wconf 74' lang='lat' dir='ltr'>Dnnis-le-Petit‚</span> <span class='ocrx_word' id='word_1_221' title='bbox 1255 2552 1346 2588; x_wconf 87' lang='lat' dir='ltr'>dont</span> <span class='ocrx_word' id='word_1_222' title='bbox 1370 2551 1395 2587; x_wconf 93' lang='lat' dir='ltr'>il</span> <span class='ocrx_word' id='word_1_223' title='bbox 1421 2552 1540 2588; x_wconf 73' lang='lat' dir='ltr'>s’etait</span> <span class='ocrx_word' id='word_1_224' title='bbox 1557 2552 1647 2587; x_wconf 77' lang='lat' dir='ltr'>eloi-</span> 
     </span>
     <span class='ocr_line' id='line_1_31' title="bbox 229 2608 1650 2659; baseline 0.004 -18"><span class='ocrx_word' id='word_1_225' title='bbox 229 2610 299 2655; x_wconf 78' lang='lat' dir='ltr'>gne</span> <span class='ocrx_word' id='word_1_226' title='bbox 318 2621 412 2655; x_wconf 77' lang='lat' dir='ltr'>pour</span> <span class='ocrx_word' id='word_1_227' title='bbox 428 2608 594 2657; x_wconf 79' lang='lat' dir='ltr'>l&#39;epoque</span> <span class='ocrx_word' id='word_1_228' title='bbox 612 2610 657 2644; x_wconf 79' lang='lat' dir='ltr'>dc</span> <span class='ocrx_word' id='word_1_229' title='bbox 677 2611 707 2645; x_wconf 80' lang='lat' dir='ltr'>la</span> <span class='ocrx_word' id='word_1_230' title='bbox 727 2612 911 2646; x_wconf 78' lang='lat' dir='ltr'>naissance</span> <span class='ocrx_word' id='word_1_231' title='bbox 930 2612 975 2646; x_wconf 88' lang='lat' dir='ltr'>de</span> <span class='ocrx_word' id='word_1_232' title='bbox 992 2613 1266 2655; x_wconf 65' lang='lat' dir='ltr'>Jews-Christ,</span> <span class='ocrx_word' id='word_1_233' title='bbox 1287 2610 1462 2659; x_wconf 84' lang='lat' dir='ltr'>puisqu⁷il</span> <span class='ocrx_word' id='word_1_234' title='bbox 1478 2618 1650 2658; x_wconf 83' lang='lat' dir='ltr'>rapporte</span> 
     </span>
     <span class='ocr_line' id='line_1_32' title="bbox 227 2667 1650 2717; baseline 0.002 -17"><span class='ocrx_word' id='word_1_235' title='bbox 227 2673 284 2701; x_wconf 74' lang='lat' dir='ltr'>eet</span> <span class='ocrx_word' id='word_1_236' title='bbox 301 2668 514 2701; x_wconf 75' lang='lat' dir='ltr'>evenement</span> <span class='ocrx_word' id='word_1_237' title='bbox 532 2670 549 2701; x_wconf 70' lang='lat' dir='ltr'>a</span> <span class='ocrx_word' id='word_1_238' title='bbox 568 2668 637 2702; x_wconf 82' lang='lat' dir='ltr'>l&#39;an</span> <span class='ocrx_word' id='word_1_239' title='bbox 657 2669 702 2704; x_wconf 84' lang='lat' dir='ltr'>de</span> <span class='ocrx_word' id='word_1_240' title='bbox 723 2670 838 2704; x_wconf 78' lang='lat' dir='ltr'>Rome</span> <span class='ocrx_word' id='word_1_241' title='bbox 861 2669 946 2712; x_wconf 70' lang='lat'>1164</span> <span class='ocrx_word' id='word_1_242' title='bbox 961 2699 970 2714; x_wconf 88' lang='grc'>,</span> <span class='ocrx_word' id='word_1_243' title='bbox 987 2670 1215 2705; x_wconf 78' lang='lat' dir='ltr'>c&#39;est-a-dire</span> <span class='ocrx_word' id='word_1_244' title='bbox 1230 2671 1249 2705; x_wconf 71' lang='lat' dir='ltr'>a</span> <span class='ocrx_word' id='word_1_245' title='bbox 1268 2673 1335 2717; x_wconf 70' lang='lat'>409</span> <span class='ocrx_word' id='word_1_246' title='bbox 1352 2681 1416 2704; x_wconf 83' lang='lat' dir='ltr'>ans</span> <span class='ocrx_word' id='word_1_247' title='bbox 1433 2668 1480 2703; x_wconf 85' lang='lat' dir='ltr'>de</span> <span class='ocrx_word' id='word_1_248' title='bbox 1504 2667 1591 2717; x_wconf 72' lang='lat'>754,</span> <span class='ocrx_word' id='word_1_249' title='bbox 1613 2676 1650 2704; x_wconf 84' lang='lat' dir='ltr'>et</span> 
     </span>
     <span class='ocr_line' id='line_1_33' title="bbox 231 2726 564 2775; baseline -0.003 -14"><span class='ocrx_word' id='word_1_250' title='bbox 231 2739 303 2761; x_wconf 86' lang='lat' dir='ltr'>nou</span> <span class='ocrx_word' id='word_1_251' title='bbox 323 2726 405 2774; x_wconf 68' lang='lat' dir='ltr'>plus</span> <span class='ocrx_word' id='word_1_252' title='bbox 421 2726 466 2762; x_wconf 87' lang='lat' dir='ltr'>de</span> <span class='ocrx_word' id='word_1_253' title='bbox 486 2726 564 2775; x_wconf 79' lang='lat'><strong>759..</strong></span> 
     </span>
    </p>
   </div>
   <div class='ocr_carea' id='block_1_4' title="bbox 275 2785 1611 2835">
    <p class='ocr_par' dir='ltr' id='par_1_6' title="bbox 275 2785 1611 2835">
     <span class='ocr_line' id='line_1_34' title="bbox 275 2785 1611 2835; baseline 0.002 -17"><span class='ocrx_word' id='word_1_254' title='bbox 275 2787 324 2829; x_wconf 63' lang='grc' dir='ltr'>(ο.)</span> <span class='ocrx_word' id='word_1_255' title='bbox 352 2785 515 2821; x_wconf 71' lang='lat' dir='ltr'>Persona</span> <span class='ocrx_word' id='word_1_256' title='bbox 533 2794 586 2821; x_wconf 68' lang='lat' dir='ltr'>cst</span> <span class='ocrx_word' id='word_1_257' title='bbox 608 2789 682 2833; x_wconf 82' lang='lat' dir='ltr'>pris</span> <span class='ocrx_word' id='word_1_258' title='bbox 700 2790 742 2822; x_wconf 83' lang='lat' dir='ltr'>ici</span> <span class='ocrx_word' id='word_1_259' title='bbox 762 2788 850 2822; x_wconf 72' lang='lat' dir='ltr'>«lans</span> <span class='ocrx_word' id='word_1_260' title='bbox 871 2790 901 2823; x_wconf 74' lang='lat' dir='ltr'>le</span> <span class='ocrx_word' id='word_1_261' title='bbox 921 2802 1000 2823; x_wconf 73' lang='lat' dir='ltr'>sons</span> <span class='ocrx_word' id='word_1_262' title='bbox 1020 2788 1064 2822; x_wconf 79' lang='lat' dir='ltr'>de</span> <span class='ocrx_word' id='word_1_263' title='bbox 1083 2789 1184 2831; x_wconf 80' lang='lat' dir='ltr'>chef,</span> <span class='ocrx_word' id='word_1_264' title='bbox 1207 2787 1382 2835; x_wconf 79' lang='lat' dir='ltr'>principa!</span> <span class='ocrx_word' id='word_1_265' title='bbox 1401 2787 1611 2833; x_wconf 81' lang='lat' dir='ltr'>dignitaire.</span> 
     </span>
    </p>
   </div>
  </div>
 </body>
</html>
