<?xml version="1.0" encoding="UTF-8"?>
<!DOCTYPE html PUBLIC "-//W3C//DTD XHTML 1.0 Transitional//EN"
    "http://www.w3.org/TR/xhtml1/DTD/xhtml1-transitional.dtd">
<html xmlns="http://www.w3.org/1999/xhtml" xml:lang="en" lang="en">
 <head>
  <title>
</title>
<meta http-equiv="Content-Type" content="text/html;charset=utf-8" />
  <meta name='ocr-system' content='tesseract 3.04.00' />
  <meta name='ocr-capabilities' content='ocr_page ocr_carea ocr_par ocr_line ocrx_word'/>
</head>
<body>
  <div class='ocr_page' id='page_1' title='image "./ordericivitalish01ordeuoft_0200.png"; bbox 0 0 1738 3043; ppageno 0'>
   <div class='ocr_carea' id='block_1_1' title="bbox 222 290 1260 355">
    <p class='ocr_par' dir='ltr' id='par_1_1' title="bbox 222 290 1260 355">
     <span class='ocr_line' id='line_1_1' title="bbox 222 290 1260 355; baseline 0.001 -2"><span class='ocrx_word' id='word_1_1' title='bbox 222 290 332 354; x_wconf 45' lang='grc' dir='ltr'>ιε(</span> <span class='ocrx_word' id='word_1_2' title='bbox 586 315 827 354; x_wconf 57' lang='grc' dir='ltr'>ωςιόιιιΑ</span> <span class='ocrx_word' id='word_1_3' title='bbox 857 315 1260 355; x_wconf 70' lang='lat' dir='ltr'>ECCLEslAsrch.</span> 
     </span>
    </p>
   </div>
   <div class='ocr_carea' id='block_1_2' title="bbox 216 371 1665 2320">
    <p class='ocr_par' dir='ltr' id='par_1_2' title="bbox 217 371 1665 693">
     <span class='ocr_line' id='line_1_2' title="bbox 217 371 1633 462; baseline 0.004 -22"><span class='ocrx_word' id='word_1_4' title='bbox 217 393 479 440; x_wconf 77' lang='lat' dir='ltr'>Guilleimo</span> <span class='ocrx_word' id='word_1_5' title='bbox 504 394 666 440; x_wconf 90' lang='lat' dir='ltr'>Geroii</span> <span class='ocrx_word' id='word_1_6' title='bbox 699 394 800 441; x_wconf 85' lang='lat' dir='ltr'>filio</span> <span class='ocrx_word' id='word_1_7' title='bbox 833 404 879 441; x_wconf 87' lang='lat' dir='ltr'>et</span> <span class='ocrx_word' id='word_1_8' title='bbox 910 371 1165 459; x_wconf 67' lang='lat' dir='ltr'>nepotibus</span> <span class='ocrx_word' id='word_1_9' title='bbox 1189 397 1309 453; x_wconf 80' lang='lat' dir='ltr'>suiS,</span> <span class='ocrx_word' id='word_1_10' title='bbox 1350 396 1550 462; x_wconf 85' lang='lat' dir='ltr'>Hugone</span> <span class='ocrx_word' id='word_1_11' title='bbox 1573 395 1633 445; x_wconf 86' lang='lat' dir='ltr'>de</span> 
     </span>
     <span class='ocr_line' id='line_1_3' title="bbox 218 471 1633 538; baseline 0.004 -21"><span class='ocrx_word' id='word_1_12' title='bbox 218 472 619 527; x_wconf 81' lang='lat' dir='ltr'>Grentemasnilio</span> <span class='ocrx_word' id='word_1_13' title='bbox 645 483 691 518; x_wconf 87' lang='lat' dir='ltr'>ct</span> <span class='ocrx_word' id='word_1_14' title='bbox 723 471 967 521; x_wconf 87' lang='lat' dir='ltr'>Rodberto</span> <span class='ocrx_word' id='word_1_15' title='bbox 999 474 1142 521; x_wconf 81' lang='lat' dir='ltr'>fratre.</span> <span class='ocrx_word' id='word_1_16' title='bbox 1165 476 1261 538; x_wconf 82' lang='lat' dir='ltr'>ejus</span> <span class='ocrx_word' id='word_1_17' title='bbox 1280 511 1291 530; x_wconf 93' lang='lat'><strong><em>‚</em></strong></span> <span class='ocrx_word' id='word_1_18' title='bbox 1319 485 1633 523; x_wconf 85' lang='lat' dir='ltr'>restauratum</span> 
     </span>
     <span class='ocr_line' id='line_1_4' title="bbox 217 549 1665 606; baseline 0.002 -9"><span class='ocrx_word' id='word_1_19' title='bbox 217 561 316 606; x_wconf 84' lang='lat' dir='ltr'>est;</span> <span class='ocrx_word' id='word_1_20' title='bbox 346 561 392 597; x_wconf 87' lang='lat' dir='ltr'>et</span> <span class='ocrx_word' id='word_1_21' title='bbox 417 549 697 598; x_wconf 62' lang='lat' dir='ltr'>venerabilis</span> <span class='ocrx_word' id='word_1_22' title='bbox 712 551 1030 599; x_wconf 79' lang='lat' dir='ltr'>Theodericus</span> <span class='ocrx_word' id='word_1_23' title='bbox 1061 552 1451 601; x_wconf 83' lang='lat' dir='ltr'>Gemmeticensis</span> <span class='ocrx_word' id='word_1_24' title='bbox 1466 569 1634 602; x_wconf 89' lang='lat' dir='ltr'>mona-</span> <span class='ocrx_word' id='word_1_25' title='bbox 1662 556 1665 559; x_wconf 73' lang='grc'><em>’</em></span> 
     </span>
     <span class='ocr_line' id='line_1_5' title="bbox 218 626 1122 693; baseline 0.001 -19"><span class='ocrx_word' id='word_1_26' title='bbox 218 626 332 674; x_wconf 88' lang='lat' dir='ltr'>chus</span> <span class='ocrx_word' id='word_1_27' title='bbox 366 628 548 692; x_wconf 87' lang='lat' dir='ltr'>primus</span> <span class='ocrx_word' id='word_1_28' title='bbox 572 627 714 674; x_wconf 86' lang='lat' dir='ltr'>abbas</span> <span class='ocrx_word' id='word_1_29' title='bbox 734 629 924 676; x_wconf 76' lang='lat' dir='ltr'>effectus</span> <span class='ocrx_word' id='word_1_30' title='bbox 942 639 1009 676; x_wconf 89' lang='lat' dir='ltr'>cst</span> <span class='ocrx_word' id='word_1_31' title='bbox 1031 631 1122 693; x_wconf 88' lang='lat'>(1).</span> 
     </span>
    </p>

    <p class='ocr_par' dir='ltr' id='par_1_3' title="bbox 216 704 1642 2320">
     <span class='ocr_line' id='line_1_6' title="bbox 283 704 1635 771; baseline 0.002 -20"><span class='ocrx_word' id='word_1_32' title='bbox 283 706 365 752; x_wconf 87' lang='lat' dir='ltr'>His</span> <span class='ocrx_word' id='word_1_33' title='bbox 386 704 679 770; x_wconf 86' lang='lat' dir='ltr'>temporibus</span> <span class='ocrx_word' id='word_1_34' title='bbox 709 707 861 771; x_wconf 81' lang='lat' dir='ltr'>gravis</span> <span class='ocrx_word' id='word_1_35' title='bbox 883 707 1093 753; x_wconf 81' lang='lat' dir='ltr'>simultas</span> <span class='ocrx_word' id='word_1_36' title='bbox 1116 717 1162 754; x_wconf 90' lang='lat' dir='ltr'>et</span> <span class='ocrx_word' id='word_1_37' title='bbox 1186 706 1295 754; x_wconf 89' lang='lat' dir='ltr'>belli</span> <span class='ocrx_word' id='word_1_38' title='bbox 1327 706 1635 755; x_wconf 86' lang='lat' dir='ltr'>seminarium</span> 
     </span>
     <span class='ocr_line' id='line_1_7' title="bbox 221 783 1636 847; baseline 0.001 -18"><span class='ocrx_word' id='word_1_39' title='bbox 221 783 348 830; x_wconf 89' lang='lat' dir='ltr'>inter</span> <span class='ocrx_word' id='word_1_40' title='bbox 371 800 530 847; x_wconf 85' lang='lat' dir='ltr'>regem</span> <span class='ocrx_word' id='word_1_41' title='bbox 551 785 844 830; x_wconf 79' lang='lat' dir='ltr'>Francorum</span> <span class='ocrx_word' id='word_1_42' title='bbox 865 794 911 830; x_wconf 89' lang='lat' dir='ltr'>et</span> <span class='ocrx_word' id='word_1_43' title='bbox 929 783 1097 831; x_wconf 90' lang='lat' dir='ltr'>ducem</span> <span class='ocrx_word' id='word_1_44' title='bbox 1133 784 1526 831; x_wconf 85' lang='lat' dir='ltr'>Normannorum</span> <span class='ocrx_word' id='word_1_45' title='bbox 1557 799 1636 831; x_wconf 86' lang='lat' dir='ltr'>or-</span> 
     </span>
     <span class='ocr_line' id='line_1_8' title="bbox 218 859 1635 926; baseline 0.001 -21"><span class='ocrx_word' id='word_1_46' title='bbox 218 870 323 906; x_wconf 91' lang='lat' dir='ltr'>tum</span> <span class='ocrx_word' id='word_1_47' title='bbox 362 871 447 908; x_wconf 88' lang='lat' dir='ltr'>est.</span> <span class='ocrx_word' id='word_1_48' title='bbox 493 860 775 907; x_wconf 82' lang='lat' dir='ltr'>Guillelmus</span> <span class='ocrx_word' id='word_1_49' title='bbox 820 862 949 907; x_wconf 90' lang='lat' dir='ltr'>enim</span> <span class='ocrx_word' id='word_1_50' title='bbox 985 860 1042 908; x_wconf 89' lang='lat' dir='ltr'>de</span> <span class='ocrx_word' id='word_1_51' title='bbox 1079 861 1246 908; x_wconf 85' lang='lat' dir='ltr'>Archis</span> <span class='ocrx_word' id='word_1_52' title='bbox 1271 872 1466 926; x_wconf 87' lang='lat' dir='ltr'>patruus</span> <span class='ocrx_word' id='word_1_53' title='bbox 1502 859 1635 908; x_wconf 88' lang='lat' dir='ltr'>ducis</span> 
     </span>
     <span class='ocr_line' id='line_1_9' title="bbox 216 938 1634 1004; baseline 0 -20"><span class='ocrx_word' id='word_1_54' title='bbox 216 948 383 986; x_wconf 88' lang='lat' dir='ltr'>contra</span> <span class='ocrx_word' id='word_1_55' title='bbox 400 956 509 986; x_wconf 89' lang='lat' dir='ltr'>eum</span> <span class='ocrx_word' id='word_1_56' title='bbox 525 938 792 995; x_wconf 69' lang='lat' dir='ltr'>rebellavit,</span> <span class='ocrx_word' id='word_1_57' title='bbox 817 939 1110 1003; x_wconf 86' lang='lat' dir='ltr'>consilioque</span> <span class='ocrx_word' id='word_1_58' title='bbox 1130 939 1338 1004; x_wconf 76' lang='lat' dir='ltr'>Malgerii</span> <span class='ocrx_word' id='word_1_59' title='bbox 1358 938 1519 985; x_wconf 89' lang='lat' dir='ltr'>fratris</span> <span class='ocrx_word' id='word_1_60' title='bbox 1542 938 1634 996; x_wconf 88' lang='lat' dir='ltr'>sui,</span> 
     </span>
     <span class='ocr_line' id='line_1_10' title="bbox 217 1014 1637 1082; baseline -0.001 -19"><span class='ocrx_word' id='word_1_61' title='bbox 217 1017 636 1081; x_wconf 72' lang='lat' dir='ltr'>Rotomagcnsium</span> <span class='ocrx_word' id='word_1_62' title='bbox 674 1016 1046 1081; x_wconf 87' lang='lat' dir='ltr'>archiepiscopi,</span> <span class='ocrx_word' id='word_1_63' title='bbox 1078 1018 1340 1064; x_wconf 87' lang='lat' dir='ltr'>Henricum</span> <span class='ocrx_word' id='word_1_64' title='bbox 1376 1033 1534 1082; x_wconf 82' lang='lat' dir='ltr'>regem</span> <span class='ocrx_word' id='word_1_65' title='bbox 1579 1014 1637 1063; x_wconf 89' lang='lat' dir='ltr'>ad</span> 
     </span>
     <span class='ocr_line' id='line_1_11' title="bbox 218 1093 1637 1158; baseline -0.001 -17"><span class='ocrx_word' id='word_1_66' title='bbox 218 1096 286 1141; x_wconf 91' lang='lat' dir='ltr'>sui</span> <span class='ocrx_word' id='word_1_67' title='bbox 311 1095 542 1140; x_wconf 81' lang='lat' dir='ltr'>auxilium</span> <span class='ocrx_word' id='word_1_68' title='bbox 570 1095 803 1141; x_wconf 65' lang='lat' dir='ltr'>invitavit.</span> <span class='ocrx_word' id='word_1_69' title='bbox 831 1093 1086 1141; x_wconf 88' lang='lat' dir='ltr'>Animosus</span> <span class='ocrx_word' id='word_1_70' title='bbox 1112 1106 1270 1142; x_wconf 86' lang='lat' dir='ltr'>autem</span> <span class='ocrx_word' id='word_1_71' title='bbox 1288 1093 1384 1141; x_wconf 83' lang='lat' dir='ltr'>dux</span> <span class='ocrx_word' id='word_1_72' title='bbox 1414 1095 1637 1158; x_wconf 83' lang='lat' dir='ltr'>protinus</span> 
     </span>
     <span class='ocr_line' id='line_1_12' title="bbox 217 1171 1637 1238; baseline -0.001 -18"><span class='ocrx_word' id='word_1_73' title='bbox 217 1171 395 1220; x_wconf 88' lang='lat' dir='ltr'>Archas</span> <span class='ocrx_word' id='word_1_74' title='bbox 415 1173 617 1229; x_wconf 85' lang='lat' dir='ltr'>obsedit,</span> <span class='ocrx_word' id='word_1_75' title='bbox 637 1173 999 1238; x_wconf 84' lang='lat' dir='ltr'>Engelrannum</span> <span class='ocrx_word' id='word_1_76' title='bbox 1013 1173 1238 1220; x_wconf 90' lang='lat' dir='ltr'>comitem</span> <span class='ocrx_word' id='word_1_77' title='bbox 1256 1172 1446 1219; x_wconf 86' lang='lat' dir='ltr'>Pontivi</span> <span class='ocrx_word' id='word_1_78' title='bbox 1470 1181 1637 1219; x_wconf 86' lang='lat' dir='ltr'>contra</span> 
     </span>
     <span class='ocr_line' id='line_1_13' title="bbox 219 1249 1634 1315; baseline -0.002 -17"><span class='ocrx_word' id='word_1_79' title='bbox 219 1268 330 1298; x_wconf 90' lang='lat' dir='ltr'>eum</span> <span class='ocrx_word' id='word_1_80' title='bbox 353 1251 402 1297; x_wconf 88' lang='lat' dir='ltr'>in</span> <span class='ocrx_word' id='word_1_81' title='bbox 422 1250 652 1315; x_wconf 87' lang='lat' dir='ltr'>oppidum</span> <span class='ocrx_word' id='word_1_82' title='bbox 673 1251 850 1298; x_wconf 84' lang='lat' dir='ltr'>intrare</span> <span class='ocrx_word' id='word_1_83' title='bbox 866 1250 1105 1299; x_wconf 82' lang='lat' dir='ltr'>volentem</span> <span class='ocrx_word' id='word_1_84' title='bbox 1128 1250 1426 1315; x_wconf 73' lang='lat' dir='ltr'>praeveniens</span> <span class='ocrx_word' id='word_1_85' title='bbox 1442 1249 1634 1308; x_wconf 90' lang='lat' dir='ltr'>occidit,</span> 
     </span>
     <span class='ocr_line' id='line_1_14' title="bbox 220 1327 1639 1385; baseline 0 -11"><span class='ocrx_word' id='word_1_86' title='bbox 220 1338 269 1374; x_wconf 88' lang='lat' dir='ltr'>et</span> <span class='ocrx_word' id='word_1_87' title='bbox 314 1328 586 1375; x_wconf 89' lang='lat' dir='ltr'>munitione</span> <span class='ocrx_word' id='word_1_88' title='bbox 616 1327 811 1375; x_wconf 86' lang='lat' dir='ltr'>obtenta</span> <span class='ocrx_word' id='word_1_89' title='bbox 857 1327 1167 1376; x_wconf 90' lang='lat' dir='ltr'>Guillelmum</span> <span class='ocrx_word' id='word_1_90' title='bbox 1209 1327 1555 1385; x_wconf 65' lang='lat' dir='ltr'>exhaeredavit,</span> <span class='ocrx_word' id='word_1_91' title='bbox 1590 1337 1639 1375; x_wconf 85' lang='lat' dir='ltr'>et</span> 
     </span>
     <span class='ocr_line' id='line_1_15' title="bbox 219 1405 1635 1470; baseline 0 -19"><span class='ocrx_word' id='word_1_92' title='bbox 219 1406 502 1470; x_wconf 79' lang='lat' dir='ltr'>Malgerium</span> <span class='ocrx_word' id='word_1_93' title='bbox 527 1408 826 1455; x_wconf 84' lang='lat' dir='ltr'>incentorem</span> <span class='ocrx_word' id='word_1_94' title='bbox 849 1405 1197 1454; x_wconf 83' lang='lat' dir='ltr'>dissensionum</span> <span class='ocrx_word' id='word_1_95' title='bbox 1219 1405 1490 1453; x_wconf 86' lang='lat' dir='ltr'>exordinari</span> <span class='ocrx_word' id='word_1_96' title='bbox 1503 1405 1635 1452; x_wconf 88' lang='lat' dir='ltr'>fecit.</span> 
     </span>
     <span class='ocr_line' id='line_1_16' title="bbox 220 1482 1640 1549; baseline 0.001 -21"><span class='ocrx_word' id='word_1_97' title='bbox 220 1482 358 1529; x_wconf 86' lang='lat' dir='ltr'>Unde</span> <span class='ocrx_word' id='word_1_98' title='bbox 373 1501 451 1529; x_wconf 80' lang='lat' dir='ltr'>rex</span> <span class='ocrx_word' id='word_1_99' title='bbox 469 1482 635 1529; x_wconf 62' lang='lat' dir='ltr'>Galliae</span> <span class='ocrx_word' id='word_1_100' title='bbox 661 1484 801 1530; x_wconf 88' lang='lat' dir='ltr'>nimis</span> <span class='ocrx_word' id='word_1_101' title='bbox 820 1483 1089 1549; x_wconf 78' lang='lat' dir='ltr'>indignatus</span> <span class='ocrx_word' id='word_1_102' title='bbox 1117 1483 1390 1540; x_wconf 86' lang='lat' dir='ltr'>infremuit,</span> <span class='ocrx_word' id='word_1_103' title='bbox 1417 1498 1640 1547; x_wconf 86' lang='lat' dir='ltr'>annoque</span> 
     </span>
     <span class='ocr_line' id='line_1_17' title="bbox 221 1559 1640 1624; baseline 0 -18"><span class='ocrx_word' id='word_1_104' title='bbox 221 1559 419 1606; x_wconf 88' lang='lat' dir='ltr'>Domini</span> <span class='ocrx_word' id='word_1_105' title='bbox 463 1570 596 1606; x_wconf 54' lang='grc' dir='ltr'>»ΜΨ</span> <span class='ocrx_word' id='word_1_106' title='bbox 639 1561 686 1606; x_wconf 89' lang='lat' dir='ltr'>in</span> <span class='ocrx_word' id='word_1_107' title='bbox 729 1559 1065 1607; x_wconf 87' lang='lat' dir='ltr'>Ebroicensem</span> <span class='ocrx_word' id='word_1_108' title='bbox 1103 1577 1276 1624; x_wconf 82' lang='lat' dir='ltr'>pagum</span> <span class='ocrx_word' id='word_1_109' title='bbox 1317 1576 1428 1607; x_wconf 90' lang='lat' dir='ltr'>cum</span> <span class='ocrx_word' id='word_1_110' title='bbox 1465 1574 1640 1623; x_wconf 80' lang='lat' dir='ltr'>magno</span> 
     </span>
     <span class='ocr_line' id='line_1_18' title="bbox 223 1637 1640 1693; baseline 0 -10"><span class='ocrx_word' id='word_1_111' title='bbox 223 1638 435 1683; x_wconf 83' lang='lat' dir='ltr'>exercitu</span> <span class='ocrx_word' id='word_1_112' title='bbox 481 1637 726 1693; x_wconf 73' lang='lat' dir='ltr'>introivit,</span> <span class='ocrx_word' id='word_1_113' title='bbox 775 1648 821 1684; x_wconf 90' lang='lat' dir='ltr'>et</span> <span class='ocrx_word' id='word_1_114' title='bbox 859 1637 1075 1685; x_wconf 89' lang='lat' dir='ltr'>Odonem</span> <span class='ocrx_word' id='word_1_115' title='bbox 1121 1637 1320 1685; x_wconf 88' lang='lat' dir='ltr'>fratrem</span> <span class='ocrx_word' id='word_1_116' title='bbox 1356 1655 1494 1683; x_wconf 91' lang='lat' dir='ltr'>suum</span> <span class='ocrx_word' id='word_1_117' title='bbox 1530 1654 1640 1685; x_wconf 83' lang='lat' dir='ltr'>cum</span> 
     </span>
     <span class='ocr_line' id='line_1_19' title="bbox 223 1714 1640 1780; baseline 0.001 -20"><span class='ocrx_word' id='word_1_118' title='bbox 223 1714 386 1760; x_wconf 88' lang='lat' dir='ltr'>multis</span> <span class='ocrx_word' id='word_1_119' title='bbox 417 1715 623 1761; x_wconf 83' lang='lat' dir='ltr'>militum</span> <span class='ocrx_word' id='word_1_120' title='bbox 651 1717 820 1761; x_wconf 85' lang='lat' dir='ltr'>turmis</span> <span class='ocrx_word' id='word_1_121' title='bbox 843 1733 928 1779; x_wconf 87' lang='lat' dir='ltr'>per</span> <span class='ocrx_word' id='word_1_122' title='bbox 951 1716 1280 1763; x_wconf 71' lang='lat' dir='ltr'>Belvacensem</span> <span class='ocrx_word' id='word_1_123' title='bbox 1310 1733 1483 1780; x_wconf 80' lang='lat' dir='ltr'>pagum</span> <span class='ocrx_word' id='word_1_124' title='bbox 1510 1724 1640 1761; x_wconf 86' lang='lat' dir='ltr'>trans</span> 
     </span>
     <span class='ocr_line' id='line_1_20' title="bbox 225 1792 1641 1856; baseline 0.001 -19"><span class='ocrx_word' id='word_1_125' title='bbox 225 1792 489 1856; x_wconf 83' lang='lat' dir='ltr'>Sequanam</span> <span class='ocrx_word' id='word_1_126' title='bbox 526 1792 794 1839; x_wconf 67' lang='lat' dir='ltr'>destinavit.</span> <span class='ocrx_word' id='word_1_127' title='bbox 836 1794 987 1840; x_wconf 88' lang='lat' dir='ltr'>Porro</span> <span class='ocrx_word' id='word_1_128' title='bbox 1019 1793 1114 1839; x_wconf 78' lang='lat' dir='ltr'>dux</span> <span class='ocrx_word' id='word_1_129' title='bbox 1153 1811 1260 1839; x_wconf 93' lang='lat' dir='ltr'>cum</span> <span class='ocrx_word' id='word_1_130' title='bbox 1308 1792 1456 1839; x_wconf 77' lang='lat' dir='ltr'>valida</span> <span class='ocrx_word' id='word_1_131' title='bbox 1495 1810 1641 1840; x_wconf 91' lang='lat' dir='ltr'>manu</span> 
     </span>
     <span class='ocr_line' id='line_1_21' title="bbox 223 1868 1640 1932; baseline -0.001 -16"><span class='ocrx_word' id='word_1_132' title='bbox 223 1869 321 1932; x_wconf 75' lang='lat' dir='ltr'>regi</span> <span class='ocrx_word' id='word_1_133' title='bbox 347 1889 370 1916; x_wconf 93' lang='lat' dir='ltr'>e</span> <span class='ocrx_word' id='word_1_134' title='bbox 395 1870 537 1916; x_wconf 84' lang='lat' dir='ltr'>latere</span> <span class='ocrx_word' id='word_1_135' title='bbox 564 1869 897 1927; x_wconf 84' lang='lat' dir='ltr'>comitabatur,</span> <span class='ocrx_word' id='word_1_136' title='bbox 925 1881 971 1917; x_wconf 88' lang='lat' dir='ltr'>ct</span> <span class='ocrx_word' id='word_1_137' title='bbox 993 1870 1264 1917; x_wconf 83' lang='lat' dir='ltr'>Caletorum</span> <span class='ocrx_word' id='word_1_138' title='bbox 1289 1880 1523 1918; x_wconf 75' lang='lat' dir='ltr'>catervam</span> <span class='ocrx_word' id='word_1_139' title='bbox 1553 1868 1640 1916; x_wconf 90' lang='lat' dir='ltr'>sub</span> 
     </span>
     <span class='ocr_line' id='line_1_22' title="bbox 224 1946 1641 2011; baseline -0.001 -17"><span class='ocrx_word' id='word_1_140' title='bbox 224 1965 368 1994; x_wconf 90' lang='lat' dir='ltr'>manu</span> <span class='ocrx_word' id='word_1_141' title='bbox 387 1946 581 1993; x_wconf 84' lang='lat' dir='ltr'>Roberti</span> <span class='ocrx_word' id='word_1_142' title='bbox 608 1947 831 1993; x_wconf 85' lang='lat' dir='ltr'>Aucensis</span> <span class='ocrx_word' id='word_1_143' title='bbox 858 1948 1045 1994; x_wconf 87' lang='lat' dir='ltr'>comitis</span> <span class='ocrx_word' id='word_1_144' title='bbox 1069 1958 1115 1994; x_wconf 89' lang='lat' dir='ltr'>et</span> <span class='ocrx_word' id='word_1_145' title='bbox 1137 1947 1325 2011; x_wconf 80' lang='lat' dir='ltr'>Rogerii</span> <span class='ocrx_word' id='word_1_146' title='bbox 1343 1946 1400 1994; x_wconf 92' lang='lat' dir='ltr'>de</span> <span class='ocrx_word' id='word_1_147' title='bbox 1419 1947 1641 1993; x_wconf 85' lang='lat' dir='ltr'>Mortuo-</span> 
     </span>
     <span class='ocr_line' id='line_1_23' title="bbox 224 2023 1641 2089; baseline -0.001 -18"><span class='ocrx_word' id='word_1_148' title='bbox 224 2026 343 2071; x_wconf 89' lang='lat' dir='ltr'>mari</span> <span class='ocrx_word' id='word_1_149' title='bbox 367 2034 531 2072; x_wconf 87' lang='lat' dir='ltr'>contra</span> <span class='ocrx_word' id='word_1_150' title='bbox 554 2024 770 2072; x_wconf 88' lang='lat' dir='ltr'>Odonem</span> <span class='ocrx_word' id='word_1_151' title='bbox 788 2027 1099 2089; x_wconf 59' lang='lat' dir='ltr'>praemiserat.</span> <span class='ocrx_word' id='word_1_152' title='bbox 1124 2026 1348 2072; x_wconf 86' lang='lat' dir='ltr'>Protinus</span> <span class='ocrx_word' id='word_1_153' title='bbox 1369 2024 1466 2082; x_wconf 87' lang='lat' dir='ltr'>illi,</span> <span class='ocrx_word' id='word_1_154' title='bbox 1493 2023 1641 2071; x_wconf 81' lang='lat' dir='ltr'>Gallis</span> 
     </span>
     <span class='ocr_line' id='line_1_24' title="bbox 225 2101 1642 2166; baseline -0.002 -16"><span class='ocrx_word' id='word_1_155' title='bbox 225 2112 560 2159; x_wconf 85' lang='lat' dir='ltr'>occurrentes,</span> <span class='ocrx_word' id='word_1_156' title='bbox 591 2103 715 2166; x_wconf 85' lang='lat' dir='ltr'>apud</span> <span class='ocrx_word' id='word_1_157' title='bbox 755 2104 1148 2149; x_wconf 84' lang='lat' dir='ltr'>Mortuum-mare</span> <span class='ocrx_word' id='word_1_158' title='bbox 1177 2101 1356 2149; x_wconf 84' lang='lat' dir='ltr'>bellum</span> <span class='ocrx_word' id='word_1_159' title='bbox 1391 2101 1642 2148; x_wconf 87' lang='lat' dir='ltr'>commise-</span> 
     </span>
     <span class='ocr_line' id='line_1_25' title="bbox 227 2178 1641 2245; baseline 0 -19"><span class='ocrx_word' id='word_1_160' title='bbox 227 2191 368 2237; x_wconf 90' lang='lat' dir='ltr'>runt,</span> <span class='ocrx_word' id='word_1_161' title='bbox 400 2191 446 2227; x_wconf 92' lang='lat' dir='ltr'>et</span> <span class='ocrx_word' id='word_1_162' title='bbox 470 2198 635 2245; x_wconf 81' lang='lat' dir='ltr'>magna</span> <span class='ocrx_word' id='word_1_163' title='bbox 669 2180 795 2227; x_wconf 83' lang='lat' dir='ltr'>caede</span> <span class='ocrx_word' id='word_1_164' title='bbox 820 2181 1061 2245; x_wconf 82' lang='lat' dir='ltr'>utrimque</span> <span class='ocrx_word' id='word_1_165' title='bbox 1093 2189 1279 2244; x_wconf 84' lang='lat' dir='ltr'>peracta</span> <span class='ocrx_word' id='word_1_166' title='bbox 1302 2179 1469 2225; x_wconf 82' lang='lat' dir='ltr'>Franci</span> <span class='ocrx_word' id='word_1_167' title='bbox 1501 2178 1641 2244; x_wconf 84' lang='lat' dir='ltr'>suge-</span> 
     </span>
     <span class='ocr_line' id='line_1_26' title="bbox 227 2255 1640 2320; baseline -0.001 -16"><span class='ocrx_word' id='word_1_168' title='bbox 227 2270 372 2315; x_wconf 88' lang='lat' dir='ltr'>runt;</span> <span class='ocrx_word' id='word_1_169' title='bbox 403 2269 449 2305; x_wconf 87' lang='lat' dir='ltr'>et</span> <span class='ocrx_word' id='word_1_170' title='bbox 471 2258 692 2306; x_wconf 86' lang='lat' dir='ltr'>Guidone</span> <span class='ocrx_word' id='word_1_171' title='bbox 712 2259 901 2306; x_wconf 86' lang='lat' dir='ltr'>Pontivi</span> <span class='ocrx_word' id='word_1_172' title='bbox 923 2257 1096 2304; x_wconf 87' lang='lat' dir='ltr'>comite</span> <span class='ocrx_word' id='word_1_173' title='bbox 1115 2292 1127 2312; x_wconf 93' lang='lat'>,</span> <span class='ocrx_word' id='word_1_174' title='bbox 1148 2257 1228 2320; x_wconf 90' lang='lat' dir='ltr'>qui</span> <span class='ocrx_word' id='word_1_175' title='bbox 1253 2265 1460 2303; x_wconf 87' lang='lat' dir='ltr'>mortem</span> <span class='ocrx_word' id='word_1_176' title='bbox 1479 2255 1640 2302; x_wconf 85' lang='lat' dir='ltr'>fratris</span> 
     </span>
    </p>
   </div>
   <div class='ocr_carea' id='block_1_3' title="bbox 230 2463 1641 2751">
    <p class='ocr_par' dir='ltr' id='par_1_4' title="bbox 230 2463 1641 2751">
     <span class='ocr_line' id='line_1_27' title="bbox 275 2463 1641 2512; baseline -0.001 -13"><span class='ocrx_word' id='word_1_177' title='bbox 275 2468 325 2509; x_wconf 80' lang='lat'>(1)</span> <span class='ocrx_word' id='word_1_178' title='bbox 351 2466 447 2500; x_wconf 80' lang='lat' dir='ltr'>C‘est</span> <span class='ocrx_word' id='word_1_179' title='bbox 470 2465 500 2499; x_wconf 79' lang='lat' dir='ltr'>le</span> <span class='ocrx_word' id='word_1_180' title='bbox 520 2464 540 2499; x_wconf 82' lang='lat'><strong><em>5</em></strong></span> <span class='ocrx_word' id='word_1_181' title='bbox 559 2464 706 2499; x_wconf 83' lang='lat' dir='ltr'>octobre</span> <span class='ocrx_word' id='word_1_182' title='bbox 737 2463 821 2498; x_wconf 71' lang='lat'>1050</span> <span class='ocrx_word' id='word_1_183' title='bbox 846 2478 917 2512; x_wconf 80' lang='lat' dir='ltr'>que</span> <span class='ocrx_word' id='word_1_184' title='bbox 936 2465 1083 2499; x_wconf 84' lang='lat' dir='ltr'>Thierri</span> <span class='ocrx_word' id='word_1_185' title='bbox 1110 2464 1154 2498; x_wconf 82' lang='lat' dir='ltr'>de</span> <span class='ocrx_word' id='word_1_186' title='bbox 1180 2463 1388 2498; x_wconf 79' lang='lat' dir='ltr'>Matonville</span> <span class='ocrx_word' id='word_1_187' title='bbox 1411 2463 1468 2499; x_wconf 87' lang='lat' dir='ltr'>sut</span> <span class='ocrx_word' id='word_1_188' title='bbox 1491 2463 1641 2498; x_wconf 67' lang='lat' dir='ltr'>institue</span> 
     </span>
     <span class='ocr_line' id='line_1_28' title="bbox 230 2517 1640 2561; baseline -0.003 0"><span class='ocrx_word' id='word_1_189' title='bbox 230 2526 321 2561; x_wconf 74' lang='lat' dir='ltr'>abbe</span> <span class='ocrx_word' id='word_1_190' title='bbox 345 2525 514 2560; x_wconf 77' lang='lat' dir='ltr'>d&#39;Onche</span> <span class='ocrx_word' id='word_1_191' title='bbox 534 2537 580 2559; x_wconf 84' lang='lat' dir='ltr'>ou</span> <span class='ocrx_word' id='word_1_192' title='bbox 601 2517 886 2559; x_wconf 76' lang='lat' dir='ltr'>Saint-Evroult.</span> <span class='ocrx_word' id='word_1_193' title='bbox 912 2525 962 2559; x_wconf 79' lang='lat' dir='ltr'>En</span> <span class='ocrx_word' id='word_1_194' title='bbox 984 2524 1172 2559; x_wconf 76' lang='lat' dir='ltr'>attendant</span> <span class='ocrx_word' id='word_1_195' title='bbox 1190 2524 1240 2559; x_wconf 90' lang='lat' dir='ltr'>les</span> <span class='ocrx_word' id='word_1_196' title='bbox 1258 2523 1386 2559; x_wconf 79' lang='lat' dir='ltr'>details</span> <span class='ocrx_word' id='word_1_197' title='bbox 1407 2525 1480 2558; x_wconf 67' lang='lat' dir='ltr'>tres</span> <span class='ocrx_word' id='word_1_198' title='bbox 1498 2523 1640 2558; x_wconf 88' lang='lat' dir='ltr'>circon-</span> 
     </span>
     <span class='ocr_line' id='line_1_29' title="bbox 231 2582 1640 2631; baseline -0.002 -11"><span class='ocrx_word' id='word_1_199' title='bbox 231 2587 384 2620; x_wconf 75' lang='lat' dir='ltr'>stancies</span> <span class='ocrx_word' id='word_1_200' title='bbox 405 2596 476 2631; x_wconf 79' lang='lat' dir='ltr'>que</span> <span class='ocrx_word' id='word_1_201' title='bbox 492 2591 598 2618; x_wconf 83' lang='lat' dir='ltr'>notre</span> <span class='ocrx_word' id='word_1_202' title='bbox 620 2591 749 2618; x_wconf 79' lang='lat' dir='ltr'>auteur</span> <span class='ocrx_word' id='word_1_203' title='bbox 764 2597 854 2619; x_wconf 88' lang='lat' dir='ltr'>nous</span> <span class='ocrx_word' id='word_1_204' title='bbox 874 2585 1036 2619; x_wconf 80' lang='lat' dir='ltr'>fournira</span> <span class='ocrx_word' id='word_1_205' title='bbox 1050 2585 1190 2619; x_wconf 73' lang='lat' dir='ltr'>bientot</span> <span class='ocrx_word' id='word_1_206' title='bbox 1207 2596 1268 2618; x_wconf 89' lang='lat' dir='ltr'>sur</span> <span class='ocrx_word' id='word_1_207' title='bbox 1285 2583 1317 2617; x_wconf 87' lang='lat' dir='ltr'>la</span> <span class='ocrx_word' id='word_1_208' title='bbox 1336 2583 1576 2618; x_wconf 82' lang='lat' dir='ltr'>restauration</span> <span class='ocrx_word' id='word_1_209' title='bbox 1594 2582 1640 2617; x_wconf 85' lang='lat' dir='ltr'>de</span> 
     </span>
     <span class='ocr_line' id='line_1_30' title="bbox 230 2643 1639 2691; baseline -0.003 -12"><span class='ocrx_word' id='word_1_210' title='bbox 230 2658 295 2680; x_wconf 85' lang='lat' dir='ltr'>son</span> <span class='ocrx_word' id='word_1_211' title='bbox 314 2644 515 2679; x_wconf 67' lang='lat' dir='ltr'>monastere</span> <span class='ocrx_word' id='word_1_212' title='bbox 528 2671 535 2685; x_wconf 74' lang='lat'>,</span> <span class='ocrx_word' id='word_1_213' title='bbox 553 2643 753 2677; x_wconf 77' lang='lat' dir='ltr'>aussi-bien</span> <span class='ocrx_word' id='word_1_214' title='bbox 774 2656 845 2691; x_wconf 79' lang='lat' dir='ltr'>que</span> <span class='ocrx_word' id='word_1_215' title='bbox 863 2655 924 2678; x_wconf 84' lang='lat' dir='ltr'>sur</span> <span class='ocrx_word' id='word_1_216' title='bbox 941 2644 973 2678; x_wconf 91' lang='lat' dir='ltr'>la</span> <span class='ocrx_word' id='word_1_217' title='bbox 991 2644 1126 2678; x_wconf 84' lang='lat' dir='ltr'>samille</span> <span class='ocrx_word' id='word_1_218' title='bbox 1140 2643 1286 2685; x_wconf 85' lang='lat' dir='ltr'>Giroie‚</span> <span class='ocrx_word' id='word_1_219' title='bbox 1308 2653 1400 2676; x_wconf 90' lang='lat' dir='ltr'>nous</span> <span class='ocrx_word' id='word_1_220' title='bbox 1415 2654 1459 2676; x_wconf 89' lang='lat' dir='ltr'>ne</span> <span class='ocrx_word' id='word_1_221' title='bbox 1477 2652 1639 2688; x_wconf 85' lang='lat' dir='ltr'>pouvons</span> 
     </span>
     <span class='ocr_line' id='line_1_31' title="bbox 231 2701 1638 2751; baseline -0.002 -12"><span class='ocrx_word' id='word_1_222' title='bbox 231 2716 321 2740; x_wconf 88' lang='lat' dir='ltr'>nous</span> <span class='ocrx_word' id='word_1_223' title='bbox 340 2704 528 2750; x_wconf 69' lang='lat' dir='ltr'>dispenset·</span> <span class='ocrx_word' id='word_1_224' title='bbox 545 2703 588 2737; x_wconf 85' lang='lat' dir='ltr'>de</span> <span class='ocrx_word' id='word_1_225' title='bbox 606 2703 694 2737; x_wconf 74' lang='lat' dir='ltr'>faire</span> <span class='ocrx_word' id='word_1_226' title='bbox 712 2716 924 2751; x_wconf 78' lang='lat' dir='ltr'>reinarquer</span> <span class='ocrx_word' id='word_1_227' title='bbox 943 2717 1014 2751; x_wconf 82' lang='lat' dir='ltr'>qne</span> <span class='ocrx_word' id='word_1_228' title='bbox 1039 2705 1188 2751; x_wconf 79' lang='lat' dir='ltr'>Hngues</span> <span class='ocrx_word' id='word_1_229' title='bbox 1208 2711 1244 2738; x_wconf 85' lang='lat' dir='ltr'>et</span> <span class='ocrx_word' id='word_1_230' title='bbox 1264 2703 1404 2738; x_wconf 84' lang='lat' dir='ltr'>Robert</span> <span class='ocrx_word' id='word_1_231' title='bbox 1420 2701 1465 2736; x_wconf 85' lang='lat' dir='ltr'>de</span> <span class='ocrx_word' id='word_1_232' title='bbox 1482 2701 1638 2737; x_wconf 87' lang='lat' dir='ltr'>Grente-</span> 
     </span>
    </p>
   </div>
   <div class='ocr_carea' id='block_1_4' title="bbox 232 2759 1638 2867">
    <p class='ocr_par' dir='ltr' id='par_1_5' title="bbox 232 2759 1638 2867">
     <span class='ocr_line' id='line_1_32' title="bbox 234 2759 1638 2799; baseline -0.004 0"><span class='ocrx_word' id='word_1_233' title='bbox 234 2763 358 2799; x_wconf 80' lang='lat' dir='ltr'>mesnil</span> <span class='ocrx_word' id='word_1_234' title='bbox 386 2764 520 2797; x_wconf 63' lang='lat' dir='ltr'>etaient</span> <span class='ocrx_word' id='word_1_235' title='bbox 548 2763 595 2796; x_wconf 73' lang='lat' dir='ltr'>les</span> <span class='ocrx_word' id='word_1_236' title='bbox 625 2763 718 2797; x_wconf 69' lang='lat' dir='ltr'>doux</span> <span class='ocrx_word' id='word_1_237' title='bbox 750 2763 801 2797; x_wconf 77' lang='lat' dir='ltr'>ms</span> <span class='ocrx_word' id='word_1_238' title='bbox 828 2765 925 2798; x_wconf 75' lang='lat' dir='ltr'>aines</span> <span class='ocrx_word' id='word_1_239' title='bbox 948 2763 992 2798; x_wconf 81' lang='lat' dir='ltr'>de</span> <span class='ocrx_word' id='word_1_240' title='bbox 1021 2763 1159 2798; x_wconf 83' lang='lat' dir='ltr'>Robert</span> <span class='ocrx_word' id='word_1_241' title='bbox 1183 2761 1227 2797; x_wconf 89' lang='lat' dir='ltr'>de</span> <span class='ocrx_word' id='word_1_242' title='bbox 1255 2760 1525 2798; x_wconf 82' lang='lat' dir='ltr'>Grentemesnil</span> <span class='ocrx_word' id='word_1_243' title='bbox 1549 2759 1638 2795; x_wconf 84' lang='lat' dir='ltr'>dont</span> 
     </span>
     <span class='ocr_line' id='line_1_33' title="bbox 232 2820 688 2867; baseline -0.004 -9"><span class='ocrx_word' id='word_1_244' title='bbox 232 2836 321 2858; x_wconf 73' lang='lat' dir='ltr'>nou&lt;</span> <span class='ocrx_word' id='word_1_245' title='bbox 341 2834 474 2857; x_wconf 61' lang='lat' dir='ltr'>xenons</span> <span class='ocrx_word' id='word_1_246' title='bbox 492 2820 535 2855; x_wconf 75' lang='lat' dir='ltr'>de</span> <span class='ocrx_word' id='word_1_247' title='bbox 558 2820 688 2867; x_wconf 65' lang='lat' dir='ltr'>paris-r.</span> 
     </span>
    </p>
   </div>
  </div>
 </body>
</html>
