1738 3043
164 271 215 306 (30
531 267 770 306 HISTORIA
802 268 1204 308 ECCLESIASTICA.

171 349 255 394 bus
280 349 484 394 minatus
511 358 580 394 est
609 347 897 412 gehennam,
925 360 971 395 et
994 347 1116 395 bene
1139 348 1408 396 viventibus
1429 351 1574 398 vitam

167 425 387 489 promisit
405 435 650 471 aeternam.
674 425 981 490 Evangelium
1005 426 1144 472 etiam
1166 426 1508 484 contemnitur,
1529 437 1578 475 et

170 502 269 549 haec
295 513 364 549 est
388 514 554 567 quarta
578 503 674 551 dies
707 504 901 560 morti5‚
928 520 1018 567 qua
1045 505 1241 549 Lazarus
1266 504 1313 550 in
1338 504 1578 554 mausoleo

162 580 327 643 jacuit.
358 582 475 628 ltem
499 581 635 628 aliter
666 602 674 626 ε
703 582 860 645 primo
893 591 961 627 est
992 581 1201 628 titillatio
1227 582 1274 627 in
1307 581 1477 640 corde,
1507 600 1580 630 se-

170 657 326 703 cundo
351 674 630 714 consensus,
667 659 810 705 tertio
839 657 1015 704 factum
1031 693 1043 714 ,
1070 668 1241 722 quarto
1265 659 1575 708 consuetudo.

170 735 252 781 llis
286 736 444 801 itaque
465 737 617 783 modis
647 754 753 783 reus
776 736 950 783 occidit
978 747 1025 783 et
1051 737 1097 782 in
1120 736 1371 800 sepulchro
1392 748 1580 804 putres-

171 814 252 859 cit.
288 813 449 861 Gratia
487 815 570 862 Dei
608 833 692 880 per
727 826 973 879 peccatum
1011 815 1253 879 elongatos
1289 825 1507 873 revocat,
1533 825 1582 863 et

171 892 451 940 multimoda
481 905 786 957 peccatorum
816 893 942 940 mole
971 892 1211 958 depressos
1245 892 1302 939 ad
1334 894 1480 940 vitam
1503 911 1581 942 re-

172 979 380 1016 suscitat.

236 1047 488 1111 Divulgato
510 1048 696 1094 deitatis
721 1047 927 1094 mirabili
953 1046 1182 1094 miraculo
1205 1045 1437 1094 relatione
1460 1046 1583 1093 mul-

175 1135 352 1181 torum,
364 1126 446 1189 qui
457 1137 712 1190 praesentes
727 1127 910 1172 curiose
923 1127 1223 1189 inspexerant
1239 1125 1471 1189 insperata
1480 1125 1584 1189 lege

171 1200 228 1248 de
248 1202 434 1250 tumulo
451 1204 728 1267 processisse
749 1204 999 1259 Lazarum,
1021 1202 1316 1267 collegerunt
1332 1201 1582 1266 pontifices

171 1290 217 1326 et
241 1279 457 1343 pharisaei
484 1281 738 1328 eonsilium
761 1280 979 1327 adversus
1001 1280 1178 1337 Jesum,
1198 1290 1245 1327 et
1269 1278 1584 1344 prophetante

172 1357 345 1421 Caiplia
375 1357 687 1405 decreverunt
718 1369 772 1404 ut
805 1357 1130 1405 interficerent
1159 1374 1285 1404 eum.
1313 1355 1446 1403 Abiit
1471 1373 1585 1422 ergo

171 1435 301 1480 Jesus
331 1435 378 1481 in
408 1437 651 1500 regionem
676 1437 811 1499 juxta
837 1435 1099 1493 desertum,
1133 1435 1182 1481 in
1212 1434 1452 1481 civitatem
1475 1451 1584 1499 quae

172 1510 347 1557 dicitur
387 1511 624 1576 Ephrem,
672 1511 832 1576 ibique
876 1511 1154 1558 morabatur
1195 1528 1304 1557 cum
1345 1510 1586 1575 discipulis

173 1590 284 1635 suis.
313 1590 555 1654 Principes
589 1590 717 1635 enim
743 1589 1039 1637 sacerdotum
1062 1600 1109 1635 et
1143 1588 1394 1653 complices
1417 1604 1587 1637 eorum

172 1664 398 1712 dederant
416 1667 693 1713 mandatum
713 1677 792 1722 ut,
821 1667 856 1712 si
879 1667 984 1730 quis
1007 1666 1286 1730 cognoverit
1307 1666 1391 1712 uhi
1411 1667 1496 1723 sit,
1517 1666 1587 1712 in-

173 1744 326 1801 dicet,
365 1756 420 1791 ut
455 1743 812 1809 apprehendant
846 1761 974 1790 eum.
1018 1743 1275 1790 Timebant
1307 1744 1485 1808 quippe
1526 1760 1586 1790 ne

173 1821 377 1868 mundus
412 1834 539 1870 totus
572 1832 848 1888 sequeretur
876 1839 1010 1878 eum,
1047 1832 1094 1869 et
1116 1823 1358 1869 venientes
1382 1822 1585 1869 Romani

174 1899 398 1947 tollerent
416 1902 480 1947 eis
499 1919 700 1964 regnum
723 1901 816 1964 (1).

235 1977 367 2023 Jesus
390 1988 500 2025 ante
519 1996 596 2024 sex
616 1977 712 2024 dies
737 1977 923 2024 Paschae
941 1977 1074 2025 venit
1093 1976 1368 2024 Bethaniam
1380 2012 1394 2035 ,
1424 1975 1587 2043 ibique

172 2053 389 2101 fecerunt
407 2056 447 2102 ei
468 2073 675 2102 coenam.
701 2054 888 2102 Martha
907 2055 1209 2102 ministrabat
1222 2091 1236 2113 ‚
1257 2057 1457 2102 Lazarus
1472 2072 1586 2104 vero

172 2130 515 2179 discumbebat.
539 2134 685 2179 Maria
705 2133 877 2178 libram
900 2134 1134 2197 unguenti
1156 2131 1289 2178 nardi
1312 2132 1466 2196 pistici
1487 2150 1588 2196 pre-

176 2209 281 2255 tiosi
304 2211 505 2273 aceepit,
531 2210 670 2274 pedes
693 2211 802 2257 Jesu
825 2211 966 2255 unxit
988 2219 1035 2256 et
1061 2210 1237 2274 capillis
1256 2209 1350 2255 suis
1371 2211 1582 2258 extersit.

176 2286 357 2331 Nardus
392 2289 645 2334 aromatica
675 2288 849 2350 speeies
874 2297 959 2334 est.
986 2287 1124 2333 Pistis
1156 2304 1307 2351 graece
1325 2322 1339 2344 ‚
1366 2286 1478 2334 fides
1505 2287 1587 2335 di-

177 2362 301 2407 citur
325 2363 468 2410 latine
500 2384 509 2409 :
538 2363 645 2409 inde
672 2365 922 2427 pisticum,
949 2364 996 2410 id
1025 2374 1094 2411 est
1112 2363 1270 2422 fidele,
1296 2363 1473 2412 dicitur
1489 2383 1587 2412 un-

174 2449 431 2501 guentum,
474 2441 581 2504 quia
622 2439 815 2487 cadaver
856 2458 912 2487 eo
951 2451 1239 2504 perunctum
1274 2458 1299 2486 a
1333 2440 1586 2505 putredine

174 2525 326 2561 servat
359 2516 574 2562 illaesum.
603 2518 787 2564 Domus
810 2517 1034 2581 impletur
1062 2534 1118 2565 ex
1151 2516 1297 2565 odore
1321 2519 1580 2583 unguenti,

175 2609 281 2638 cum
319 2592 507 2640 eeclesia
547 2596 833 2659 respergitur
872 2595 1101 2660 religiosae
1135 2595 1244 2641 vitae
1280 2594 1407 2643 bona
1440 2594 1579 2642 fama.

218 2766 267 2808 (ι)
292 2765 418 2799 Joann.
441 2778 492 2809 xi,
512 2766 631 2808 46-56.
