1738 3043
584 240 736 279 LlBER
767 240 976 278 PRIMUS.
1407 242 1483 279 173

76 327 193 389 regis
217 332 373 368 tamen
406 320 469 367 ob
501 330 681 366 metum
713 319 976 365 Arnulsnm
1001 319 1401 383 degradaverunt,
1435 333 1481 368 et

73 401 362 449 Gerbertum
405 397 693 446 monachum
734 395 1099 460 philosophum,
1141 398 1222 461 qui
1263 398 1483 462 magister

76 479 302 527 Rodberti
326 479 446 543 regis
470 477 646 533 fuerat,
668 474 1029 522 ordinaverunt.
1057 476 1283 524 Violento
1307 478 1482 543 quippe

74 559 195 621 regis
227 560 358 621 jussu
398 555 635 620 depositus
675 564 744 600 est
778 552 1038 610 Anmlfus,
1079 563 1125 600 et
1165 572 1273 600 cum
1309 573 1482 620 magno

73 635 300 681 dedecore
335 634 390 680 de
421 632 610 680 ecclesia
632 630 782 678 beatae
813 630 894 677 Dei
932 631 1175 694 genitricis
1201 633 1364 678 Mariae
1394 635 1484 681 Re-

74 712 220 758 mensi
247 712 490 776 expulsus,
517 719 564 756 et
588 707 860 756 Aurelianis
888 708 934 754 in
961 724 1144 755 carcere
1172 708 1323 755 tribus
1347 712 1483 758 annis

74 800 300 836 retrusus.
347 790 458 835 Haec
492 789 650 853 itaque
691 786 851 834 omnia
890 803 1091 835 romano
1129 788 1318 850 praesuli
1360 806 1482 835 nun·

74 868 270 913 tiantur.
316 867 411 931 Qui
443 884 582 930 super
623 865 693 912 his
733 864 865 910 valde
903 864 1201 929 indignatus,
1236 865 1483 913 interdixit

70 961 234 992 omnes
271 944 513 1008 episcopos
551 943 632 1008 qui
671 940 931 988 Arnulfum
971 941 1236 1006 dejecerant
1277 954 1324 990 et
1359 944 1483 991 Ger-

70 1020 262 1069 bertum
300 1023 347 1069 in
386 1022 491 1069 loco
519 1023 615 1084 ejus
649 1020 1013 1067 constituerant.
1048 1021 1257 1068 Leonem
1291 1038 1484 1086 quoque

70 1098 287 1147 abbatem
310 1118 334 1146 a
363 1099 468 1147 sede
493 1099 747 1164 apostolica
779 1098 908 1144 misit
934 1098 982 1143 in
1008 1098 1208 1145 Galliam
1236 1099 1356 1145 vices
1380 1117 1482 1146 suas

71 1178 256 1242 explere
270 1213 282 1232 ,
305 1189 351 1224 et
370 1178 561 1241 injustas
579 1176 903 1224 ordinationes
919 1177 1197 1239 regulariter
1215 1176 1478 1224 emendare.

71 1255 287 1319 Denique
312 1255 489 1319 legatus
524 1272 657 1318 papae
695 1254 1017 1300 Senonensem
1050 1254 1292 1301 Sewinum
1324 1255 1482 1318 primo

70 1332 207 1388 adiit,
245 1332 408 1397 eique,
449 1349 593 1396 quem
624 1331 830 1395 rigidum
862 1331 1161 1378 rectitudinis
1196 1343 1483 1379 servatorem

69 1428 169 1474 prae
195 1411 375 1457 caeteris
407 1421 635 1466 noverat,
674 1409 919 1472 apostolici
955 1409 1173 1455 mandata
1207 1410 1480 1457 insinuavit.

72 1490 251 1536 lterum
275 1488 476 1536 collecto
496 1487 654 1535 Remis
675 1487 879 1534 concilio
902 1488 1182 1551 exjussione
1200 1488 1479 1552 apostolica,

69 1565 306 1613 Arnulfus
345 1564 651 1628 archipraesul
690 1575 936 1611 revocatus
970 1573 1040 1610 est
1072 1563 1129 1610 de
1162 1564 1398 1619 custodia,
1437 1576 1484 1613 et

71 1661 178 1691 cum
202 1660 374 1708 magno
408 1642 592 1690 honore
622 1652 838 1706 receptus
865 1643 912 1687 in
940 1641 1044 1688 sede
1077 1643 1287 1706 propria.
1321 1642 1484 1689 Alter-

71 1721 193 1769 catio
215 1720 436 1769 Gerberti
463 1719 702 1784 pontificis
728 1729 774 1766 et
802 1719 971 1765 Leonis
996 1716 1177 1764 abbatis
1199 1718 1332 1766 valde
1355 1719 1483 1766 utilis

72 1797 298 1855 habetur,
333 1808 380 1844 et
417 1799 465 1844 in
504 1797 643 1862 gestis
681 1795 968 1860 pontificum
1006 1796 1269 1843 Remorum
1308 1796 1480 1861 scripta

70 1875 321 1941 diligenter
344 1885 556 1922 servatur
576 1874 668 1938 (1).

116 2099 166 2143 (ι)
194 2096 223 2132 ll
250 2110 272 2143 y
300 2109 319 2131 a
348 2096 528 2143 plusieurs
560 2094 822 2129 inexactitudes
852 2094 940 2128 dans
973 2106 1012 2128 ce
1045 2094 1283 2141 paragraplie.
1314 2093 1454 2128 Arnoul
1467 2122 1477 2137 ‚

72 2157 196 2192 bfitard
214 2157 264 2191 du
285 2157 338 2191 roi
363 2156 534 2190 Lotliaire
553 2161 589 2189 et
608 2167 680 2189 non
707 2153 751 2188 de
771 2154 877 2188 Lonis
900 2153 1169 2196 d'Outre-Meffi
1192 2153 1246 2187 snt
1268 2153 1331 2187 sait
1353 2153 1482 2187 archc-

73 2217 186 2264 veque
214 2215 259 2251 de
287 2216 410 2251 Reinis
437 2227 501 2261 par
520 2214 726 2248 l’insluence
751 2212 795 2246 de
824 2213 973 2259 Hugues
1000 2213 1130 2258 (ληρεῖ,
1154 2224 1198 2246 cn
1225 2211 1292 2259 988
1320 2224 1366 2245 on
1390 2212 1482 2259 989;

74 2283 179 2322 ayant
199 2274 291 2310 viole
309 2275 359 2310 les
379 2280 637 2321 engagements
655 2272 742 2321 qn’il
760 2273 852 2307 avait
871 2273 945 2319 pris
963 2284 1043 2306 avec
1062 2284 1101 2306 ce
1121 2273 1266 2318 prinec,
1291 2278 1326 2305 et
1344 2271 1432 2305 livre¹
1450 2272 1482 2306 la

73 2335 155 2371 ville
179 2338 198 2371 ἐι
222 2348 285 2371 son
310 2334 412 2369 oncle
435 2334 603 2376 Chai-les,
626 2334 870 2380 competiteur
888 2332 932 2367 de
952 2333 1104 2376 Hngues
1130 2333 1148 2365 ἐι
1173 2332 1205 2366 la
1229 2344 1434 2375 couronne,
1458 2332 1482 2367 il

74 2396 129 2431 sut
146 2397 263 2430 arri-te
291 2397 310 2429 ἰι
337 2395 432 2428 Laon
457 2393 489 2428 le
515 2405 534 2427 ‘2
562 2393 649 2428 avril
675 2405 756 2440 991,
784 2392 935 2427 conduit
964 2391 1170 2438 prisonnier
1195 2393 1214 2424 ἐι
1242 2390 1418 2435 ΘΓΙέῑιῐις,
1447 2398 1483 2426 et

75 2454 207 2502 depose
224 2454 313 2489 dans
335 2453 367 2488 le
385 2452 520 2498 synode
537 2452 599 2487 des
617 2453 769 2499 eveques
789 2459 876 2486 tenu
892 2454 911 2486 ἐι
931 2450 1150 2486 Saint-Basle
1168 2451 1250 2497 pri-s
1270 2450 1407 2485 lleinis.
1429 2451 1482 2485 En

75 2525 141 2562 997
161 2514 184 2548 il
206 2514 312 2548 sortit
329 2512 373 2546 de
393 2512 516 2558 prison
543 2518 579 2545 et
602 2523 773 2545 recouvra
799 2523 833 2545 sa
859 2511 1018 2558 digami,
1040 2509 1129 2557 qu'il
1153 2521 1322 2544 conserva
1339 2509 1484 2556 jusqu'ii

77 2586 112 2608 sa
131 2580 227 2608 mort
246 2586 290 2608 en
316 2571 416 2607 1025.

123 2634 151 2668 ΙΙ
170 2635 286 2680 parait
302 2632 390 2680 qu’il
409 2633 466 2679 n'y
483 2638 545 2666 ent
563 2632 667 2678 point
684 2630 728 2664 dc
745 2630 882 2665 concile
903 2632 921 2664 a
940 2629 1062 2664 Reims
1079 2640 1125 2663 en
1145 2627 1231 2676 995,
1254 2628 1343 2662 mais
1366 2627 1482 2661 seule—

80 2701 179 2728 ment
195 2706 244 2728 un
259 2693 396 2728 concile
408 2692 657 2740 preparatoire
675 2698 761 2725 tenu
777 2693 796 2724 Ξι
814 2691 967 2725 Mouson
987 2689 1018 2723 lc
1039 2701 1058 2723 2
1073 2688 1154 2735 juin
1169 2717 1177 2731 ‚
1194 2688 1282 2723 dans
1304 2688 1420 2735 lequel
1436 2700 1482 2721 on

80 2765 123 2787 cn
141 2766 301 2799 annonea
321 2767 369 2788 nn
390 2757 408 2788 ἰι
430 2753 552 2787 l'winis
568 2765 661 2799 poni·
677 2751 709 2785 le
729 2759 770 2785 1Π
782 2750 920 2796 juillet,
940 2763 1012 2797 que
1029 2750 1181 2794 llngnrs
1198 2750 1309 2795 Capvt
1321 2776 1329 2787 ,
1345 2754 1486 2794 protre-
