1738 3043
557 243 711 282 LIBER
741 242 1021 282 SECUNDUS.
1427 245 1507 282 313

83 335 188 371 tum
227 323 426 381 ordine,
471 341 569 389 quo
608 323 816 372 Thomas
851 323 1106 389 disposuit;
1150 333 1198 372 et
1233 324 1290 372 de
1324 325 1509 372 meritis

82 404 206 466 ejus,
244 402 529 467 secretisque
567 400 842 449 coelestibus
877 402 1013 466 plura
1046 402 1290 450 reseravit.
1327 403 1510 451 Deinde

83 478 141 525 ad
176 496 413 526 carcerem
446 479 644 527 festinus
679 479 916 543 perrexit,
949 479 1221 543 apostolum
1252 497 1277 526 a
1308 479 1511 526 vinculis

84 555 311 611 absolvit,
340 573 523 620 pronus
554 555 611 602 ad
634 554 773 624 pedes
795 558 893 620 ejus
918 555 1150 620 ploravit,
1181 566 1230 604 et
1256 556 1514 623 indulgen-

86 633 202 680 tiam
225 633 361 681 fratri
386 652 472 682 suo
498 633 773 698 postulavit.

152 712 428 778 Egredienti
447 712 664 776 apostolo
678 748 691 768 ,
714 729 797 760 rex
813 713 912 778 ipse
930 714 1021 774 jam
1039 712 1334 762 moderatior
1352 731 1518 762 occur-

87 793 180 848 rit,
220 801 268 839 et
300 790 500 856 pedibus
535 793 632 855 ejus
667 789 918 838 advolutus
956 791 1145 839 veniam
1179 792 1338 856 petiit.
1377 794 1518 840 Tunc

89 868 358 933 apostolus,
390 880 579 934 accepta
603 869 851 916 occasione
877 886 1115 935 congrua,
1142 868 1370 917 barbaros
1401 869 1520 918 edo-

90 964 195 994 cere
229 946 406 1011 coepit3
448 957 496 994 et
535 948 785 995 veritatem
820 948 1139 1005 annuntians,
1185 948 1311 995 inter
1351 958 1520 995 caetera

89 1023 212 1072 dixit
241 1044 252 1071 :
279 1025 522 1072 Dominus
553 1043 685 1072 meus
719 1025 866 1072 Jesus
902 1025 1120 1072 Christus
1152 1026 1357 1072 maltum
1380 1026 1522 1073 vobis

88 1104 341 1170 proestz'tit,
363 1105 449 1168 qui
465 1115 648 1150 secreta
665 1121 757 1150 sua
776 1102 914 1151 vobis
936 1103 1162 1150 ostendit.
1184 1105 1318 1152 Ecce
1328 1105 1524 1170 provin-

95 1183 187 1229 εἶτε
213 1193 389 1228 vestrce
412 1182 629 1229 ecclesiis
652 1182 816 1248 plence
848 1193 975 1229 sunt.
1008 1183 1189 1229 Parati
1212 1200 1326 1248 ergo
1350 1194 1521 1239 estote,

96 1270 147 1306 ut
175 1259 563 1325 sanctificemini.
591 1260 704 1306 Haec
736 1270 783 1307 et
807 1259 893 1306 alia
921 1259 991 1307 his
1021 1261 1191 1307 similia
1223 1260 1525 1326 principibus

96 1339 363 1397 intimavit,
393 1356 567 1405 eosque
591 1338 649 1386 de
675 1338 766 1386 side
791 1349 838 1387 et
862 1357 989 1386 sacra
1015 1340 1249 1406 religione
1275 1340 1521 1387 instruxit.

162 1418 332 1483 Ingens
356 1416 478 1463 fama
511 1415 569 1463 de
602 1415 862 1463 virtutibus
894 1435 1009 1482 quas
1034 1418 1272 1465 Dominus
1298 1436 1384 1483 per
1406 1434 1527 1482 apo-

96 1490 278 1542 stolum
297 1494 610 1559 operabatur,
644 1512 731 1560 per
759 1495 943 1542 Indiam
975 1494 1141 1542 diffusa
1177 1506 1269 1554 est;
1307 1507 1354 1544 et
1379 1497 1528 1545 nimia

98 1574 404 1639 congregatio
427 1573 721 1638 populorum
748 1573 806 1621 de
829 1573 1106 1640 longinquis
1131 1584 1179 1621 et
1201 1574 1435 1639 proximis
1456 1575 1529 1621 ci-

96 1651 325 1699 uitatibus
357 1651 415 1698 ad
438 1668 548 1698 eum
574 1649 694 1697 facta
727 1661 814 1699 est.
840 1651 1032 1699 Vitulos
1057 1652 1097 1699 ei
1129 1662 1175 1699 et
1199 1653 1368 1700 arietes
1392 1670 1528 1700 more

97 1732 263 1780 divino
287 1729 549 1778 sacrificare
568 1729 822 1789 volebant,
845 1731 956 1796 quia
977 1732 1133 1796 ipsum
1151 1749 1247 1780 esse
1271 1731 1412 1780 deum
1436 1750 1530 1797 pu-

98 1809 282 1857 tabant.
311 1810 464 1857 Porro
490 1808 798 1855 Gundaforus
825 1827 908 1856 rex
932 1810 1152 1874 apostolo
1175 1809 1400 1857 suadente
1421 1812 1529 1874 jus-

100 1889 162 1935 sit
210 1897 266 1933 ut
310 1903 396 1951 per
438 1902 591 1931 unum
632 1903 844 1932 mensem
894 1896 1230 1950 expectarent,
1278 1903 1529 1951 quousque

102 1965 250 2013 totius
288 1963 553 2028 provinciae
588 1961 897 2026 conglobatio
934 1962 1099 2020 fieret,
1145 1973 1192 2009 ct
1233 1964 1294 2010 ita
1335 1964 1529 2011 demum

98 2042 313 2090 facerent
344 2039 475 2105 quod
507 2041 603 2105 ipse
627 2038 835 2103 juberet.
865 2039 1127 2104 Completis
1158 2057 1273 2105 ergo
1299 2057 1393 2087 xxx
1429 2041 1530 2088 die-

98 2119 212 2177 bus,
238 2121 285 2166 in
316 2135 483 2183 campo
505 2120 640 2182 juxta
666 2117 778 2164 Gazi
805 2119 987 2166 montis
1008 2135 1252 2166 ascensum
1276 2117 1529 2166 hominum

100 2196 362 2245 multitudo
384 2205 667 2261 congregata
692 2206 787 2253 est,
815 2196 863 2242 in
883 2213 975 2260 qua
1004 2196 1142 2242 variis
1163 2195 1531 2261 aegritudinibus

102 2274 427 2324 laborantium
449 2291 616 2339 magna
642 2272 904 2320 multitudo
928 2273 1073 2320 adest.
1095 2274 1354 2339 Apostolus
1372 2285 1531 2322 autem

103 2371 270 2402 omnes
302 2353 598 2399 infirmantes
630 2352 679 2398 in
711 2370 863 2398 unum
890 2353 1166 2418 congregari
1202 2353 1456 2418 praecepit,
1485 2363 1532 2400 et

102 2433 199 2498 ipse
230 2433 280 2479 in
303 2431 461 2479 medio
493 2447 661 2478 eorum
693 2431 851 2486 stetit3
885 2448 1149 2496 manusque
1172 2449 1275 2478 suas
1299 2430 1356 2478 ad
1381 2432 1533 2479 coelos

101 2512 393 2577 expandens,
432 2527 522 2575 pro
553 2510 618 2557 eis
648 2510 819 2557 oravit.
855 2510 1010 2556 Finita
1043 2510 1263 2559 oratione
1294 2511 1526 2575 apostoli,

102 2608 323 2638 coruscus
357 2590 431 2654 (ι)
464 2606 605 2653 super
635 2605 713 2636 eos
743 2588 901 2646 venit,
935 2597 983 2635 et
1017 2588 1079 2634 ita
1112 2606 1306 2646 omnes,
1343 2600 1397 2634 ut
1433 2589 1530 2634 ictu

105 2706 200 2713 ρ-

149 2764 199 2806 (1)
227 2754 355 2798 Eclair.
