1738 3043
245 268 323 307 340
616 260 854 301 lllsTORIA
887 261 1287 301 ECCLESIASTICA.

249 345 458 394 accersiti
484 352 612 387 sunt.
645 341 737 402 Qui
764 342 1003 390 venientes
1026 341 1166 405 pallia
1187 359 1267 388 sua
1286 342 1342 388 de
1361 330 1660 407 serpentibus

249 423 594 487 impleverunt,
617 428 664 466 et
683 419 870 466 eosdem
900 419 946 465 in
971 436 1131 485 magos
1156 418 1376 467 audacter
1397 420 1656 477 miserunt,

247 501 502 562 statimque
538 506 778 560 serpentes
809 495 1055 543 comedere
1092 514 1253 543 carnes
1292 514 1461 544 eorum
1495 514 1661 561 coepe—

247 589 379 624 runt.
398 576 469 622 llli
486 585 643 622 autem
660 574 777 620 sicut
796 574 892 637 lupi
910 573 1172 630 ululabant,
1192 574 1505 638 gaudentibus
1520 592 1662 622 cunc-

250 657 308 702 tis
336 654 415 720 qui
449 652 682 699 cruciatus
712 651 970 714 impiorum
994 651 1147 715 palam
1171 650 1459 715 spectabant.
1489 653 1588 699 Rex
1616 663 1662 698 et

247 749 412 780 omnes
447 728 672 794 apostolis
702 726 923 774 dicebant
952 746 960 770 :
992 729 1260 773 Permittite
1298 738 1347 773 ut
1379 730 1657 776 moriantur.

249 813 316 858 At
350 809 414 855 illi
453 805 803 872 responderunt
830 826 838 851 :
866 806 970 852 Nos
1000 807 1138 852 missi
1159 825 1322 852 sumus
1354 825 1386 853 α
1417 818 1565 853 morte
1595 806 1665 853 ad

247 893 397 936 vitam
421 887 670 942 reducere,
704 902 798 931 non
833 902 864 929 a
895 885 997 929 vita
1033 885 1081 929 in
1105 895 1300 930 mortem
1327 888 1659 951 praecipitare.

246 965 426 1014 Deinde
452 972 736 1018 oraverunt,
770 971 817 1008 et
840 960 1141 1024 serpentibus
1157 963 1400 1025 jusserunt
1431 973 1487 1008 ut
1520 979 1663 1010 omne

247 1059 486 1091 venenum
505 1056 643 1085 suum
667 1056 690 1084 a
711 1038 857 1103 magis
883 1037 1126 1084 auferrent
1149 1055 1200 1084 ac
1223 1037 1280 1084 ad
1306 1038 1406 1085 loca
1431 1056 1510 1085 sua
1535 1040 1665 1087 redi-

246 1132 371 1169 rent.
395 1120 595 1182 MaJ'ores
619 1117 776 1181 itaque
799 1115 1033 1162 eruciatus
1054 1116 1173 1180 passi
1195 1126 1331 1174 sunt,
1354 1117 1546 1182 quando
1563 1118 1667 1164 uni-

247 1197 368 1245 versi
403 1203 644 1259 serpentes
674 1193 846 1239 iterum
877 1209 1039 1239 earnes
1068 1209 1236 1239 eorum
1267 1192 1462 1240 ederent
1493 1203 1541 1241 et
1563 1212 1667 1241 san-

247 1275 442 1341 guinem
474 1280 720 1336 sugerent,
760 1280 814 1316 ut
848 1287 1029 1317 venena
1059 1287 1139 1316 sua
1174 1270 1417 1317 tollerent.
1450 1272 1666 1338 Cumque

247 1361 487 1418 serpentes
506 1349 731 1397 abiissent
744 1385 756 1407 ,
782 1359 828 1396 et
847 1348 1174 1413 apostolorum
1194 1349 1427 1396 sententia
1445 1350 1567 1415 magi
1588 1351 1666 1397 tri·

246 1433 344 1479 duo
380 1430 506 1477 anxii
545 1446 644 1476 non
686 1427 1052 1486 manducarent,
1094 1444 1181 1474 nec
1216 1426 1441 1475 biberent
1457 1463 1471 1486 ‚
1510 1445 1666 1494 neque

246 1509 541 1567 dormirent,
569 1506 771 1571 apostoli
796 1505 1015 1552 visitandi
1040 1505 1183 1570 gratia
1209 1505 1267 1552 ad
1296 1523 1374 1553 eos
1402 1517 1663 1565 venerunt,

249 1599 297 1635 et
324 1587 499 1633 malum
530 1602 620 1648 pro
643 1583 897 1630 maledicto
922 1601 1021 1630 non
1047 1582 1294 1630 reddentes
1317 1585 1440 1648 ipsos
1473 1603 1667 1633 sanave-

249 1674 381 1712 runt.
419 1663 492 1708 Illi
529 1661 748 1726 profecto
786 1661 834 1707 in
870 1659 1065 1724 perfidia
1090 1678 1169 1706 sua
1201 1672 1590 1724 permanserunt;
1620 1674 1668 1711 et

249 1744 370 1790 sicut
394 1760 416 1787 a
443 1741 560 1787 sacie
584 1740 730 1786 sancti
759 1737 968 1786 Matthaei
997 1738 1198 1802 apostoli
1231 1738 1289 1785 de
1317 1738 1558 1804 AEthiopia
1585 1740 1668 1788 fu-

248 1828 446 1884 gerunt,
474 1818 539 1863 sic
565 1816 624 1862 ab
654 1814 725 1862 his
755 1814 940 1863 duobus
971 1815 1254 1863 confusione
1276 1817 1430 1881 operti
1462 1835 1667 1866 recesse-

249 1906 390 1952 runt,
413 1904 460 1942 et
477 1893 842 1941 simulacrorum
862 1892 1067 1940 cultores
1085 1911 1170 1957 per
1189 1905 1339 1941 totam
1357 1895 1591 1943 Persidem
1611 1897 1669 1944 ad

249 1972 578 2037 apostolorum
603 1971 873 2017 inimicitias
899 1970 1262 2018 suscitaverunt.
1291 1972 1382 2036 Ipsi
1406 1983 1562 2020 autem
1583 1991 1668 2038 per

252 2059 420 2096 cuncta
442 2047 616 2112 templa
635 2064 803 2094 eorum
829 2046 1178 2104 sacrificabant,
1209 2046 1520 2114 hominesque
1539 2067 1668 2114 prae-

252 2128 400 2192 stigiis
429 2126 524 2173 suis
545 2124 706 2172 subito
733 2124 850 2172 fixos
868 2160 880 2181 ‚
913 2124 1168 2190 subitoque
1197 2125 1376 2174 solutos
1404 2126 1664 2186 faciebant,

255 2204 414 2252 subito
435 2220 584 2251 caecos
611 2212 658 2250 et
684 2203 857 2249 iterum
877 2202 1088 2249 videntes
1103 2238 1116 2260 ‚
1146 2201 1306 2250 subito
1332 2203 1499 2252 surdos
1523 2214 1571 2252 et
1593 2206 1672 2254 ite-

254 2299 363 2327 rum
386 2279 646 2327 audientes.
674 2279 751 2325 Sic
780 2279 837 2325 de
865 2277 936 2324 his
965 2278 1296 2337 ludificabant,
1317 2281 1399 2345 qui
1425 2280 1560 2330 idolis
1580 2282 1671 2328 im-

255 2356 527 2413 molabant,
549 2356 716 2420 suique
736 2355 910 2402 similes
933 2367 1084 2402 erant.
1435 2349 1438 2353 ⁴

322 2433 537 2499 Apostoli
560 2451 583 2478 a
605 2449 714 2497 rege
742 2442 790 2480 et
811 2450 834 2478 a
855 2432 973 2480 duce
999 2434 1151 2498 rogati
1176 2435 1488 2482 morabantur
1512 2435 1560 2482 in
1584 2437 1670 2483 Ba-

254 2510 472 2577 bylonia,
494 2510 541 2554 in
562 2509 758 2556 nomine
776 2509 971 2556 Domini
994 2509 1218 2558 facientes
1233 2509 1467 2557 mirabilia
1481 2529 1667 2577 magna,

259 2588 409 2636 surdis
450 2586 696 2633 reddentes
737 2586 976 2643 auditum,
1022 2585 1391 2634 claudicantibus
1431 2605 1666 2652 gressum,

259 2683 405 2714 caecos
425 2664 745 2711 illuminantes
759 2700 770 2719 ,
796 2664 1005 2727 leprosos
1025 2663 1306 2711 mundantes
1320 2699 1334 2721 ,
1356 2663 1596 2714 daemones
1611 2684 1668 2714 ex

256 2742 452 2790 obsessis
479 2739 758 2804 corporibus
789 2739 1020 2804 fugantes.
1057 2738 1235 2788 Multos
1268 2757 1380 2804 ergo
1413 2740 1668 2807 discipulos
