1738 3043
559 179 713 218 Llssssa
740 178 1018 218 SECUNDUS.
1226 154 1231 160 ’
1420 181 1491 220 381

85 258 216 306 {lexis
239 269 286 304 ct
307 257 524 304 manibus
547 259 603 305 ad
633 258 811 305 coelum
841 259 1058 313 intentis,
1082 257 1379 305 orationibus
1405 261 1500 307 exi-

85 346 188 382 tum
212 353 348 382 suum
373 336 549 381 muniri
579 335 775 381 curavit.
812 334 882 381 Ad
907 335 1128 381 ultimum
1155 352 1268 383 vero
1298 335 1418 383 hanc
1440 337 1499 384 ad

83 412 344 460 Dominum
379 429 544 460 vocem
583 410 706 458 fudit
740 431 749 456 :
779 412 839 457 In
881 429 1054 458 manns
1092 424 1221 470 tuas,
1262 412 1496 472 Domine,

86 486 608 556 commem!‹‘>·’'spi1·itam
625 507 798 535 meum.
818 489 1013 535 Cunctis
1031 500 1188 537 autem
1208 489 1432 538 {lentibus
1453 502 1500 539 et

83 567 358 626 orantibus,
390 569 485 632 ipse
505 581 652 613 manu'
674 568 877 614 innuens
903 578 956 613 ut
980 567 1196 625 silerent,
1223 568 1344 615 dixit
1365 590 1374 615 ε
1403 571 1500 617 Τα-

83 644 468 709 εείε,·ῃιιιιῑῑ]αι’ά
487 661 583 690 non
602 643 784 691 auditis
811 655 1006 708 quantte
1029 645 1227 690 veniunt
1252 646 1420 693 laudes
1441 648 1502 693 (le

84 711 247 770 coeloi?
272 724 408 769 Certe
431 723 669 769 Dominus
692 723 824 769 venit
843 724 968 770 sicut
986 725 1227 788 promisit.
1256 725 1500 773 Continuo

84 800 166 847 lux
199 818 366 865 magna
402 799 577 847 ibidem
605 799 821 858 refulsit,
855 812 903 847 et
937 818 1030 848 vox
1062 802 1254 849 Domini
1290 805 1502 850 vocantis

83 896 193 926 eum
224 879 472 944 personuit
495 899 504 924 :
528 878 803 943 Egredere,
831 878 1082 926 benedicta
1105 882 1289 927 anima.
1322 881 1503 929 Deinde

84 974 193 1003 cum
220 957 321 1021 ipso
349 956 599 1020 splendore
625 957 673 1002 in
705 956 881 1003 coelum
910 959 1144 1021 perrexit,
1172 970 1219 1006 et
1243 971 1503 1007 concentus

85 1035 280 1082 interim
322 1034 601 1100 angelorum
639 1034 827 1080 auditus
865 1045 951 1081 est.
995 1037 1050 1081 In
1088 1037 1348 1083 crastinum
1386 1036 1500 1085 hora

86 1115 223 1162 tertia
251 1113 538 1179 paralyticus
562 1112 753 1179 quidam
781 1114 936 1179 tetigit
959 1114 1190 1162 feretrum
1217 1117 1314 1180 ejus
1343 1126 1390 1164 et
1412 1127 1502 1164 sta-

86 1193 174 1239 tim
202 1191 353 1238 factus
377 1202 446 1238 est
470 1208 626 1238 sanus.
655 1191 871 1256 Cumque
896 1191 953 1238 ad
978 1192 1301 1256 sepeliendum
1331 1211 1502 1258 corpus

85 1270 211 1318 illius
229 1269 514 1327 deferretur,
536 1269 583 1316 in
602 1268 717 1316 hora
733 1269 1011 1333 egressionis
1027 1270 1083 1316 ad
1099 1271 1257 1317 Sancti
1278 1271 1502 1336 Stephani

84 1348 327 1396 basilicam
356 1347 467 1395 coeli
496 1348 645 1412 aperti
671 1357 807 1405 sunt,
845 1357 891 1394 et
920 1346 1088 1412 bajulis
1111 1349 1259 1395 sancti
1291 1351 1504 1414 corporis

86 1426 395 1493 pergentibus
418 1443 566 1490 usque
585 1424 642 1471 ad
660 1425 820 1472 locum
842 1425 1098 1489 sepulturae
1117 1443 1300 1490 semper
1323 1428 1505 1492 aperie-

85 1503 281 1552 bantur.
320 1505 553 1551 Praeierea
593 1502 757 1549 multis
795 1502 852 1548 ad
891 1503 1108 1568 exequias
1151 1503 1505 1552 confluentibus

86 1582 317 1640 infirmis,
344 1580 508 1629 beatus
526 1580 833 1645 Alpinianus‚
859 1581 1093 1645 accipiens
1113 1581 1356 1630 sudarium
1380 1583 1504 1631 beati

86 1660 358 1727 pontificis,
399 1669 693 1725 aegrotorum
733 1675 935 1723 corpora
967 1658 1188 1724 tangebat
1224 1670 1272 1707 et
1308 1672 1506 1710 cunctos

88 1739 147 1786 ad
179 1738 531 1786 invocationem
565 1735 742 1783 Christi
780 1735 987 1782 sanabat.
1026 1738 1158 1784 Inter
1181 1738 1392 1803 reliquos
1416 1739 1507 1804 hy-

88 1816 313 1881 dropicus
338 1813 531 1880 quidam
562 1831 617 1861 ex
643 1813 877 1861 Tolosana
908 1812 1028 1860 urbe
1049 1813 1269 1862 advectus
1300 1826 1370 1862 est
1397 1833 1506 1863 cum

90 1912 169 1943 sex
200 1894 334 1948 caecis
372 1903 420 1941 et
459 1902 666 1958 quatuor
697 1892 1027 1950 daemoniaciS,
1066 1893 1147 1958 qui
1183 1895 1397 1958 sequenti
1431 1895 1507 1943 die

89 1983 200 2038 post
215 1971 406 2021 obitum
424 1971 571 2017 sancti
593 1970 806 2035 praesulis
827 1970 882 2016 ad
901 1970 1171 2035 sepulcrum
1190 1971 1314 2019 illius
1335 1991 1507 2038 reprae-

91 2052 261 2100 sentati
286 2059 399 2098 sunt
420 2059 467 2097 et
490 2049 607 2096 sacri
632 2048 804 2096 sudarii
831 2058 959 2096 tactu
983 2050 1128 2096 sanati
1155 2060 1283 2098 sunt.

159 2130 413 2175 Innumera
436 2144 522 2190 per
543 2125 889 2172 sanctissimum
908 2126 1159 2191 praesulem
1182 2137 1290 2191 post
1311 2128 1510 2176 tumula-

95 2205 278 2254 tionem
299 2205 396 2268 ejus
419 2201 642 2249 miracula
668 2202 788 2249 facta
812 2213 949 2260 sunt,
977 2221 1084 2268 quae
1107 2204 1382 2269 singillatim
1406 2223 1507 2254 om·

95 2282 174 2329 nia
198 2297 299 2347 prae
325 2279 505 2345 ingenti
532 2279 664 2344 copia
696 2279 875 2344 scripto
903 2278 1242 2344 comprehendi
1272 2299 1372 2329 non
1398 2300 1513 2346 pos-

97 2369 227 2407 sunt.
253 2358 479 2406 Fortassis
501 2357 575 2404 cui
601 2356 701 2404 haec
726 2375 824 2405 non
853 2357 1113 2416 sufficiunt,
1141 2376 1228 2406 nec
1251 2360 1507 2425 ampliora,

98 2439 136 2486 si
160 2436 502 2496 scriberentur,
530 2435 772 2483 volumina
798 2436 1063 2484 sufficerent
1086 2437 1177 2501 (1).

146 2630 198 2674 (¹)
221 2628 291 2664 Ces
313 2634 408 2664 actes
427 2628 600 2674 supposes
624 2625 670 2660 de
688 2626 782 2660 saint
802 2625 944 2660 Martial
964 2626 1163 2672 paraissent
1187 2629 1286 2663 avoir
1303 2630 1360 2663 e'te
1379 2629 1513 2664 substi-

104 2689 186 2724 tues
199 2699 268 2723 aux
282 2694 377 2723 actes
389 2686 581 2734 originaux
599 2684 692 2721 alors
707 2684 859 2732 perdas,
875 2697 946 2731 peu
959 2685 1127 2723 d'annees
1146 2694 1250 2726 avaut
1266 2691 1353 2737 994,
1376 2691 1517 2738 c'poque
