1738 3043
618 190 770 229 LIBER
803 191 1009 229 PRIMUS.
1475 196 1525 233 4¹.)

110 268 400 326 clementiae,
427 286 511 334 per
544 270 674 334 quod
701 270 1037 335 ingrediuntur
1073 272 1121 318 in
1149 271 1418 319 thesaurum
1452 291 1528 320 sa-

108 348 331 411 pientiae,
357 365 455 414 quo
478 357 728 394 servantur
753 347 967 395 coelestes
990 348 1189 396 deliciae.
1218 350 1356 397 Panis
1382 351 1526 397 intel-

107 424 273 489 ligitur
302 424 526 482 charitas,
563 424 637 471 cui
672 425 937 490 opponitur
962 425 1103 490 lapis,
1142 427 1186 474 id
1218 439 1288 475 est
1318 429 1527 475 avaritiae

106 502 297 550 duritia.
319 504 462 550 Piscis
483 513 553 551 est
574 502 688 550 fides
714 502 966 550 invisibilis
990 515 1190 568 propter
1215 523 1384 571 aquam
1409 504 1527 570 bap-

108 583 262 640 tismi,
288 583 361 630 vel
394 582 503 648 quia
532 581 590 629 de
617 580 934 629 invisibilibus
960 582 1077 630 locis
1109 584 1318 647 capitur,
1356 602 1442 632 nec
1480 585 1526 630 in

108 659 245 726 hujus
280 661 447 708 mundi
491 660 716 708 fluctibus
754 661 1106 708 circumlatrata
1150 661 1413 726 frangitur3
1453 663 1527 708 cui

106 755 369 786 venenosus
392 756 584 804 serpens
607 739 872 804 opponitur
888 776 902 798 ‚
932 757 1030 804 quo
1056 739 1251 804 perfidia
1277 740 1350 786 vel
1379 741 1530 787 incre-

105 815 276 870 dulitas
300 816 550 883 figuratur.
587 818 641 864 In
675 834 768 865 ovo
798 836 900 883 spes
927 818 1183 865 indicatur.
1219 818 1376 865 Ovum
1400 820 1529 866 enim

106 895 324 943 nondum
355 907 424 944 est
454 896 603 944 foetus
631 897 870 962 perfectus
887 933 900 954 ,
940 897 1019 945 sed
1050 897 1259 945 fovendo
1291 908 1526 962 speratur.

106 975 213 1039 Spei
251 992 366 1023 vero
402 975 668 1041 desperatio
706 977 944 1023 contraria
984 987 1085 1033 est,
1127 994 1234 1041 quae
1278 977 1530 1041 scorpione

106 1051 340 1117 figuratur
353 1072 368 1111 ;
415 1056 545 1119 cujus
590 1054 776 1102 aculeus
818 1065 1075 1102 venenatus
1118 1056 1362 1101 incautum
1400 1065 1531 1102 retro

105 1131 342 1194 percutit,
381 1142 429 1178 et
469 1131 679 1179 clancula
718 1133 983 1196 punctione
1022 1131 1227 1179 subitam
1267 1133 1530 1197 perniciem

110 1207 302 1274 ingerit.

171 1284 474 1350 Blasphemos
510 1297 558 1333 et
593 1287 803 1351 ingratos
832 1286 1101 1348 beneficiis,
1136 1306 1244 1352 quae
1275 1288 1528 1348 videbant,

105 1361 319 1410 Salvator
363 1362 622 1428 redarguit.
680 1363 748 1410 De
792 1374 976 1409 armato
1019 1382 1043 1409 a
1090 1364 1295 1411 fortiore
1343 1365 1532 1412 devicto

106 1441 376 1505 exemplum
400 1440 630 1497 contulit,
658 1450 705 1487 et
723 1439 780 1487 de
797 1439 1048 1487 immundo
1068 1440 1241 1505 spiritu
1265 1442 1532 1506 septempli-

106 1517 224 1565 citer
253 1518 303 1564 in
329 1516 576 1565 hominem
610 1534 821 1582 regresso
853 1518 1076 1564 tractavit
1109 1517 1530 1579 (1).·Exclamanti

104 1596 326 1653 mulieri,
367 1594 559 1643 beatum
599 1612 694 1643 esse
730 1605 950 1642 ventrem
994 1595 1076 1660 qui
1118 1612 1228 1642 eum
1262 1605 1527 1659 portasset,

104 1673 350 1739 respondit
386 1691 495 1721 eum
535 1692 630 1721 esse
670 1673 863 1722 beatum
907 1674 990 1738 qui
1035 1673 1291 1721 servaverit
1327 1672 1530 1721 verbum

104 1753 188 1800 Dei
217 1754 311 1818 (2).
346 1753 459 1802 Post
492 1754 789 1800 curationem
814 1752 1023 1799 hominis
1057 1753 1105 1798 in
1134 1769 1233 1817 quo
1266 1753 1353 1798 tria
1389 1752 1529 1798 simul

105 1832 234 1897 signa
249 1841 518 1896 perpetrata
535 1841 647 1877 sunt
665 1831 838 1894 (caecus
857 1830 987 1877 enim
1009 1829 1163 1887 videt,
1190 1840 1351 1876 mutus
1372 1829 1531 1893 loqui-

109 1921 212 1966 tur,
239 1926 475 1973 possessus
507 1926 530 1954 a
563 1908 782 1955 daemone
807 1907 1096 1970 liberatur),
1127 1908 1299 1954 veritas
1322 1907 1529 1970 plurima

107 1986 268 2033 salutis
291 1985 433 2033 verba
461 1985 632 2042 edidit,
663 1994 899 2032 tentantes
918 1982 1174 2048 pharisaeos
1193 1984 1379 2030 ratione
1397 2000 1531 2029 com-

107 2064 316 2128 pescuit,
357 2063 600 2110 lucernam
639 2060 727 2108 sub
763 2060 926 2108 modio
963 2077 1063 2107 non
1093 2077 1189 2107 esse
1227 2058 1525 2124 ponendam,

107 2141 186 2189 sed
210 2158 350 2205 super
376 2139 737 2196 candelabrum,
764 2138 886 2185 dixit
902 2157 915 2195 ;
943 2139 1232 2204 oculumque
1265 2137 1529 2202 simplicem

107 2236 202 2266 esse
225 2216 396 2266 debere
420 2217 584 2266 docuit
603 2218 698 2282 (5).

172 2296 311 2362 Apud
357 2295 641 2361 pharisaeum
685 2293 920 2359 prandere
960 2303 1152 2358 rogatus
1177 2329 1191 2350 ,
1240 2293 1528 2357 cogitantem

109 2391 194 2420 cur
216 2383 325 2421 ante
347 2371 805 2438 prandiumjudaico
824 2388 959 2418 more
982 2387 1083 2417 non
1103 2380 1220 2417 esset
1239 2369 1527 2434 baptizatus,

154 2582 205 2626 (1)
239 2580 373 2615 Matth.
408 2592 482 2624 xn,
525 2578 662 2622 31-453
696 2580 806 2613 Marc.
843 2591 911 2622 ιιι,
945 2576 1079 2626 27-303
1110 2579 1196 2613 Luc.
1236 2589 1294 2621 xi,
1330 2576 1454 2611 21-26.
1489 2595 1534 2601 —-

110 2640 160 2684 (¹1)
181 2640 266 2674 Luc.
294 2651 347 2683 xi,
374 2640 497 2688 27-28.
520 2660 558 2665 —
578 2637 627 2683 (5)
653 2638 783 2674 Matth.
815 2649 859 2671 xn
874 2665 883 2681 ‚
907 2637 1039 2679 22-28;
1061 2637 1172 2671 Marc.
1203 2649 1248 2669 ιιι
1263 2665 1271 2679 ,
1292 2634 1423 2677 ‘za-263
1445 2635 1518 2668 Luc

116 2711 166 2740 xi,
194 2702 249 2741 xl„
269 2698 390 2747 29-36.

1318 2759 1331 2779 l

214 2778 245 2805 1.
1309 2780 1335 2811 s}
