1738 3043
263 229 344 267 *250
628 225 873 266 HISTORIA
901 225 1305 267 ECCLESIASTICA.

264 323 414 354 sarem
440 314 489 353 ct
513 305 758 353 Simonem
788 322 978 371 magum
1008 306 1176 354 Romae
1205 314 1532 364 certaverunt,
1558 324 1684 356 uno-

263 402 358 450 que
377 384 453 431 die
476 381 612 432 hoste
631 382 844 442 devicto,
877 385 1086 432 coelestia
1111 402 1256 450 regna
1281 384 1541 449 pet-ierunt.

331 462 582 510 Marcellus
607 463 754 528 igitur
781 464 1020 511 Romanus
1045 464 1195 510 Marci
1222 463 1436 528 praesecti
1466 462 1591 511 filius
1607 498 1622 523 ,
1659 482 1684 510 a

269 544 410 588 Petro
439 540 656 604 apostolo
681 539 973 606 baptizatus,
1008 542 1181 588 sanctis
1206 540 1501 607 martyribus
1530 541 1689 590 Nereo

267 628 316 665 et
347 616 593 675 Achilleo,
634 618 717 683 qui
753 617 869 665 dum
906 636 996 683 pro
1027 619 1118 666 fide
1157 617 1331 665 Christi
1373 619 1422 665 in
1454 617 1687 667 Pontiana

269 695 426 743 Insula
449 695 722 752 exularent,
751 695 913 762 ibique
938 708 1106 744 contra
1138 696 1375 745 maleficos
1409 696 1611 743 Furium
1642 705 1691 744 et

270 775 485 822 Priscum
501 809 514 831 ‚
539 774 747 821 Simonis
772 775 896 840 magi
921 775 1205 840 discipulos,
1247 774 1436 822 invictis
1464 773 1691 822 assertio-

273 851 416 899 nibus
435 852 644 899 veritatis
667 852 883 916 quotidie
902 852 1212 910 dimicarent,
1236 853 1285 899 in
1304 850 1503 917 epistola
1526 849 1694 898 scribit

270 929 630 993 perversitatem
654 930 863 978 Simonis
881 931 1006 994 magi
1027 940 1075 978 et
1100 930 1425 978 innocentiam
1443 928 1571 977 Petri
1595 928 1690 993 (1).

273 1005 438 1054 Refert
456 1005 690 1071 siquidem
709 1005 839 1071 quod
854 1005 1056 1072 quadam
1070 1007 1162 1063 die,
1179 1007 1295 1054 dum
1313 1007 1481 1054 Simon
1497 1008 1696 1054 Petrum

271 1093 523 1149 argueret,
551 1093 599 1130 et
628 1101 821 1150 magum
851 1083 1056 1143 diceret,
1083 1085 1413 1150 populumque
1439 1100 1696 1132 romanum

274 1163 325 1208 in
360 1165 459 1227 ejus
494 1162 661 1209 odium
691 1163 953 1218 excitaret,
997 1163 1159 1212 subito
1194 1163 1334 1210 vidua
1362 1179 1473 1209 cum
1513 1161 1697 1227 ingenti

275 1239 417 1287 turba
442 1239 700 1301 transibat,
731 1250 778 1288 et
807 1241 1022 1289 clamosis
1050 1240 1247 1289 vocibus
1277 1258 1389 1287 cum
1419 1239 1554 1286 luctu
1582 1238 1699 1285 uni-

275 1337 386 1366 cum
418 1318 572 1366 filium
595 1337 734 1366 suum
753 1319 995 1369 efferebat.
1027 1321 1167 1367 Tunc
1200 1322 1367 1367 Petrus
1394 1319 1460 1365 ait
1489 1326 1700 1365 assenta-

277 1396 463 1443 toribus
500 1397 709 1445 Simonis
748 1418 758 1444 :
798 1398 1032 1445 Accedite
1061 1397 1132 1445 ad
1145 1399 1387 1461 feretrum
1409 1407 1454 1444 et
1476 1395 1702 1461 deponite

279 1486 533 1522 mortuum.
586 1475 690 1539 Qui
723 1494 838 1523 vero
880 1477 1181 1524 suscitaverit
1221 1492 1360 1533 eum,
1400 1473 1547 1540 lzujus
1585 1489 1702 1520 veru

265 1553 400 1617 sides
450 1569 552 1598 esse
599 1552 842 1599 credatur.
889 1553 1030 1613 Quod
1071 1571 1181 1599 cum
1226 1552 1412 1600 fecisset
1457 1550 1664 1616 populus
1683 1585 1700 1607 ,

279 1628 403 1676 dixit
439 1628 608 1675 Simon
651 1648 662 1675 :
699 1629 855 1677 sllodo
891 1631 937 1677 si
973 1631 1264 1678 suscitavero
1306 1629 1472 1685 illum,
1519 1627 1703 1692 interfi-

282 1707 418 1754 cietis
452 1705 696 1753 Petrum?
725 1706 887 1753 Turba
919 1706 1166 1771 respondit
1202 1726 1213 1753 ε
1255 1707 1311 1753 V
1307 1707 1432 1754 ioum
1471 1703 1704 1752 incende-

282 1800 389 1830 mus
412 1801 536 1830 eum.
559 1783 700 1830 Tunc
722 1784 888 1831 Simon
922 1785 1152 1831 invocatis
1180 1782 1457 1840 daemoniis,
1481 1781 1705 1828 ministe-

283 1860 358 1906 rio
385 1876 553 1906 eorum
577 1860 728 1924 coepit
751 1878 913 1926 agere,
948 1871 1002 1907 ut
1025 1870 1302 1909 moveretur
1332 1876 1522 1924 corpus.
1565 1856 1706 1917 Quod

285 1936 450 2000 populi
478 1936 719 1994 videntes,
747 1948 1004 2002 coeperunt
1032 1938 1233 1984 clamare
1256 1936 1306 1984 in
1339 1935 1526 1982 laudem
1552 1933 1707 1981 Simo-

284 2016 358 2062 nis
392 2025 440 2063 et
478 2016 525 2062 in
566 2017 828 2080 perniciem
859 2017 1006 2064 Petri.
1044 2018 1212 2065 Petrus
1247 2025 1406 2063 autem
1434 2014 1514 2061 vix
1553 2013 1706 2077 impe-

287 2103 413 2141 trato
448 2093 672 2154 silentio,
703 2094 770 2140 ait
797 2094 855 2141 ad
886 2094 1122 2161 populum
1157 2115 1167 2141 :
1207 2094 1269 2141 Si
1289 2094 1431 2151 vivit,
1463 2093 1704 2157 loquatur,

284 2172 517 2231 ambulet,
541 2174 758 2238 accipiat
775 2173 956 2232 cibum,
976 2184 1234 2222 revertatur
1247 2172 1320 2220 ad
1331 2171 1530 2218 domum
1545 2186 1704 2217 suam.

332 2377 383 2421 (ι)
408 2376 456 2410 La
483 2375 637 2410 relation
661 2378 868 2424 apocrypho
894 2378 944 2413 du
972 2386 1131 2424 martyre
1157 2378 1202 2414 dc
1227 2379 1322 2413 saint
1342 2378 1468 2413 Pierre
1492 2383 1530 2412 ct
1551 2375 1599 2411 de
1616 2375 1711 2410 saint

288 2433 376 2468 Paul
393 2446 413 2468 a
425 2435 482 2468 ete
498 2433 644 2480 publice
657 2447 723 2482 par
741 2435 1009 2480 Florentinius‚
1029 2437 1120 2472 dans
1137 2449 1192 2473 ses
1210 2438 1323 2473 Notoe
1338 2438 1376 2471 in
1396 2435 1711 2483 Mar-tyrologium

293 2500 396 2528 vetus
420 2493 641 2540 Hieronymi
668 2499 812 2530 nomme
837 2497 987 2532 editum.
1014 2498 1131 2533 Noti-e
1155 2505 1287 2533 auteur
1314 2497 1365 2532 lui
1394 2509 1414 2530 a
1443 2496 1508 2531 fait
1531 2493 1711 2541 plusieurs

287 2562 481 2601 cmprunts
500 2567 548 2588 un
577 2567 647 2600 peu
672 2557 753 2604 plus
780 2557 852 2592 loin
866 2585 875 2599 ,
896 2559 985 2593 ainsi
1010 2571 1082 2606 que
1108 2571 1199 2593 nous
1217 2568 1352 2593 aui-ons
1375 2557 1453 2591 soin
1471 2556 1555 2590 d’en
1573 2554 1662 2590 faire
1679 2551 1710 2587 la

291 2625 496 2660 vemat-quc.
521 2614 609 2647 Mais
626 2626 665 2648 cc
685 2616 912 2663 paragrapho
931 2623 968 2651 ct
989 2629 1060 2652 unc
1077 2617 1192 2663 partic
1214 2616 1263 2650 du
1279 2616 1421 2650 suivant
1439 2620 1504 2648 ont
1519 2614 1577 2648 ctc'
1592 2611 1712 2659 puiscs

291 2673 382 2707 «lans
401 2686 472 2708 nnc
489 2680 592 2707 auli-1:
619 2687 744 2710 simi-cc
772 2692 776 2696 ²
801 2677 832 2710 la
857 2676 1008 2722 legende
1036 2677 1078 2712 ‹lc
1101 2679 1192 2712 saint
1211 2676 1326 2711 Neri-c
1344 2681 1381 2710 ct
1404 2674 1497 2709 saint
1520 2670 1704 2711 Achilleo,

295 2733 337 2764 .l‹
353 2739 373 2766 Ι.
394 2732 460 2767 SS.
480 2745 611 2767 nunu*
632 2747 715 2768 mrw
757 2748 790 2768 ιι·
837 2749 856 2781 {¹
885 2748 906 2775 o
925 2743 959 2770 ct
985 2750 1033 2770 w.
