1738 3043
638 189 791 228 LIBER
819 189 1100 228 SECUNDUS.
1297 182 1301 193 '
1508 191 1586 230 453

159 271 257 335 ejus
287 271 336 317 in
361 270 566 318 ecclesiis
590 279 868 317 sanctorum
888 279 935 316 et
957 269 1254 316 ornamentis
1275 268 1346 316 vel
1373 270 1474 315 aliis
1499 287 1588 317 ne-

159 349 368 397 cessariis
387 347 529 397 rebus
553 349 660 413 plus
678 365 821 413 quam
842 348 920 395 ille
942 358 1165 413 operatus
1185 357 1272 394 cst.
1293 347 1382 394 llic
1404 348 1588 412 episco-

158 443 246 491 pos
288 443 432 474 cxxw
472 425 731 474 ordinavit.
776 425 998 489 Sepultus
1036 442 1150 472 vero
1197 434 1268 472 est
1309 425 1358 471 in
1398 424 1587 473 basilica

159 505 309 552 sancti
333 505 462 552 Petri
489 503 693 570 apostoli
728 512 781 550 11⁰
808 502 910 549 idus
929 504 1084 568 junii,
1111 512 1160 551 et
1185 504 1381 551 cessavit
1403 504 1589 569 episco-

159 592 297 648 patus
321 599 485 630 mense
508 598 609 629 uno
627 581 715 645 (1).

225 660 495 726 Stephanus
518 661 789 717 Romanus,
817 676 874 707 ex
897 670 1032 724 patre
1062 660 1280 718 Marino,
1307 660 1429 708 sedit
1452 678 1591 709 men-

161 737 290 786 sibus
320 756 407 786 vn.
437 738 525 785 Hic
558 753 650 802 pro
674 736 1001 784 confirmanda
1034 755 1147 803 pace
1170 747 1344 785 sanctae
1370 738 1593 786 Ecclesiae

160 816 366 865 Galliam
398 815 457 862 ad
490 814 789 862 Ludovicum
823 815 1163 880 imperatorem
1193 815 1360 880 petiit,
1388 833 1592 881 quaeque

159 893 316 942 voluit
338 892 398 941 ab
418 911 475 942 eo
492 893 794 958 impetravit,
818 904 864 941 et
883 893 1041 941 exules
1058 911 1150 958 pro
1173 905 1309 941 reatu
1328 895 1378 941 in
1400 894 1593 942 beatum

161 972 372 1020 Leonem
391 989 562 1037 papam
581 971 835 1019 commisso
862 970 970 1019 inde
1001 971 1262 1019 clementer
1291 971 1472 1019 eduxit.
1506 974 1593 1019 Hic

161 1050 408 1116 episcopos
434 1068 464 1098 v
487 1050 808 1108 consecravit,
836 1060 883 1098 et
901 1049 959 1097 ad
981 1049 1175 1098 beatum
1191 1051 1386 1098 Petrum
1405 1061 1594 1115 aposto·

164 1128 265 1176 lum
280 1128 494 1194 sepultus
507 1139 595 1186 est,
609 1139 658 1177 et
672 1129 867 1176 cessavit
881 1128 1177 1193 episcopatus
1190 1127 1356 1175 diebus
1372 1145 1484 1175 Lx'w
1502 1130 1591 1193 (2).

226 1206 460 1254 Paschalis
481 1206 746 1261 Romanus,
769 1224 825 1253 ex
843 1216 979 1271 patre
998 1207 1210 1263 Bonoso,
1232 1205 1351 1253 sedit
1368 1206 1505 1252 annis
1527 1224 1593 1254 vu

161 1285 406 1333 mensibus
426 1303 475 1333 1v
498 1284 665 1334 diebus
683 1302 824 1333 xvm.
852 1285 940 1332 Hic
965 1285 1369 1349 praedecessorum
1393 1302 1593 1332 suorum

162 1364 483 1412 sanctissimus
514 1364 767 1412 aemulator
790 1363 977 1422 extitit,
1004 1372 1051 1411 et
1073 1362 1224 1410 multa
1249 1363 1471 1410 Ecclesiae
1498 1379 1594 1427 po-

163 1441 376 1508 puloque
404 1441 603 1508 pulchra
629 1453 677 1490 et
708 1441 844 1489 utilia
873 1441 1005 1490 fecit.
1036 1441 1300 1506 Episcopos
1340 1458 1389 1488 xl
1422 1458 1595 1490 conse—

165 1520 332 1568 cravit.
360 1522 415 1568 In
437 1521 631 1569 ecclesia
657 1537 772 1568 vero
791 1519 916 1568 beati
935 1519 1063 1566 Petri
1082 1516 1294 1583 sepultus
1313 1529 1406 1577 est,
1434 1530 1482 1566 et
1500 1536 1597 1567 ces-

165 1600 284 1646 savit
308 1600 606 1666 episcopatus
629 1598 796 1648 dicbus
815 1616 864 1646 1v
883 1599 977 1663 (3).

230 1678 470 1744 Eugenius
495 1680 740 1727 Romanus
754 1714 767 1735 ,
793 1679 870 1724 vir
888 1677 1046 1725 honus
1071 1686 1120 1724 et
1142 1686 1331 1723 sanctus
1346 1711 1360 1734 ,
1381 1675 1501 1723 sedit
1516 1693 1598 1722 an-

168 1755 241 1801 nis
263 1772 328 1802 ιν.
348 1756 488 1802 Tunc
502 1773 670 1819 magna
687 1754 878 1801 ubertas
895 1765 943 1801 et
957 1771 1048 1817 pax
1071 1754 1118 1799 in
1135 1752 1253 1800 orbe
1267 1753 1484 1817 regnavit
1500 1753 1594 1817 (4).

215 1990 267 2035 (ι)
293 1988 342 2024 Le
361 1987 620 2024 tremblement
643 1986 689 2021 dc
709 1993 806 2021 terre
829 1986 892 2033 qui
912 1997 1079 2021 renversa
1104 1985 1137 2020 lc
1160 1985 1231 2020 toit
1256 1985 1302 2020 dc
1321 1985 1459 2031 l'eglisc
1478 1985 1600 2020 Saint-

170 2048 259 2085 Paul
283 2055 348 2083 eut
368 2047 443 2083 lieu
462 2060 506 2082 cn
526 2046 607 2082 801.
635 2047 686 2081 Cc
707 2059 752 2080 nc
781 2047 837 2081 snt
862 2046 967 2093 point
993 2058 1032 2080 ce
1053 2058 1165 2093 pape,
1193 2046 1282 2080 mais
1307 2046 1399 2080 saint
1421 2046 1574 2081 Mainert
1589 2075 1600 2090 ,

170 2109 399 2157 archeveque
415 2107 460 2142 (le
480 2107 644 2149 vienne,
668 2106 732 2153 qni
756 2106 907 2140 institua
928 2105 978 2141 les
999 2105 1201 2153 Rogations
1225 2118 1303 2139 vrrs
1329 2109 1407 2154 470.
1434 2105 1462 2140 Il
1484 2106 1601 2153 pai-ait

171 2167 374 2203 seulement
391 2179 462 2214 quc
485 2167 582 2201 Leon
604 2166 659 2200 111
678 2164 728 2199 les
750 2164 966 2200 introduisit
983 2167 1001 2200 a
1023 2165 1163 2209 Rome,
1183 2177 1231 2199 ou
1252 2172 1333 2200 tout
1350 2177 1394 2199 :in
1416 2165 1534 2199 moins
1554 2178 1601 2200 cn

171 2227 271 2274 regla
287 2226 320 2262 le
337 2224 557 2261 ceremonial
579 2237 673 2272 pour
691 2231 785 2259 cette
804 2224 900 2259 ville.

217 2288 268 2333 (2)
294 2288 324 2332 (ι
338 2300 349 2321 1
372 2299 420 2321 ou
444 2297 550 2320 12-22
564 2285 648 2332 juin
663 2284 949 2331 8¹G-24janxier
969 2284 1065 2333 817.)
1086 2284 1319 2331 L'empcrcui·
1338 2291 1441 2331 rcqut
1458 2284 1489 2319 lc
1509 2298 1600 2332 pape

172 2351 191 2385 a
208 2348 335 2384 Reims
353 2360 397 2382 au
417 2347 509 2382 mois
524 2347 660 2382 d'aoi'it.
682 2346 784 2381 Nous
798 2347 944 2381 n'avons
962 2358 1024 2393 pas
1037 2346 1314 2387 connaissance,
1333 2352 1370 2380 ct
1389 2345 1412 2379 il
1429 2357 1520 2380 nous
1537 2359 1599 2393 pa-

173 2408 244 2443 rait
262 2420 334 2455 pen
356 2405 630 2441 vraisemblablc
657 2417 729 2453 que
754 2418 794 2440 cc
812 2405 960 2440 dernier
979 2405 1030 2439 ait
1050 2405 1197 2439 rann-ne
1215 2403 1260 2439 dc
1281 2404 1418 2438 Franco
1435 2417 1480 2438 cn
1499 2405 1602 2440 Italic

174 2466 225 2502 les
243 2466 413 2502 assassins
432 2465 478 2499 de
496 2477 560 2499 son
579 2464 850 2511 p1·(·‹leccsseiii·.

221 2526 271 2574 (3)
296 2526 354 2574 (25
370 2527 511 2573 janvicr
532 2526 660 2574 815-11
686 2525 754 2559 inai
775 2525 873 2569 8¹24.)
892 2525 943 2559 Cir
961 2535 1052 2570 pape
1072 2523 1325 2558 rcconstrnisit
1339 2523 1427 2557 trois
1444 2522 1596 2566 eglises:

177 2587 502 2631 sainte-praxede,
525 2585 793 2622 Sainte-Cecilc
811 2587 847 2620 ιή
875 2585 1112 2626 Traslcvcrc,
1133 2591 1169 2618 ct
1189 2584 1331 2619 Saiutc-
1340 2583 1451 2618 Music
1469 2585 1506 2617 in
1528 2584 1599 2618 Do—

179 2649 326 2682 mim'ca.

225 2706 276 2751 (4)
300 2704 335 2749 (5
350 2706 432 2751 juin
453 2706 587 2753 824-25
606 2705 691 2741 aosit
713 2706 778 2752 877
801 2706 808 2745 ἶ,
