1738 3043
570 247 723 288 LIBER
753 246 1034 285 SECUNDUS.
1436 249 1514 288 339

89 340 377 396 potueruut3
399 332 608 394 itemque
623 338 816 392 recepto
831 345 992 393 gressu
1004 363 1016 384 ,
1034 329 1208 392 apertis
1227 328 1377 375 oculis
1392 328 1513 376 nihil

88 408 334 456 viderunt.
363 409 476 454 Haec
498 407 711 454 videntes
736 416 1059 470 expaverunt,
1087 423 1343 473 magosque
1370 409 1516 473 magis

89 502 180 550 pro
222 487 396 533 timore
435 503 580 550 quam
619 501 783 531 amore
822 484 1014 531 reveriti
1058 495 1186 531 sunt.
1234 486 1515 550 Hujusmodi

85 564 410 628 spectaculum
445 582 468 609 a
503 563 662 628 primo
693 579 832 609 mane
866 580 1015 627 usque
1042 563 1100 608 ad
1137 563 1303 611 horam
1337 576 1516 612 sextam

87 641 368 707 explicitum
395 651 488 697 est,
516 649 564 687 et
589 640 743 686 tristes
767 638 980 686 advocati
1013 657 1123 686 cum
1148 642 1432 690 confusione
1458 643 1514 689 ad

84 718 254 767 domos
277 737 379 765 suas
403 727 750 766 remeaverunt.

152 797 307 845 Porro
323 796 421 844 dux
439 795 665 861 apostolis
679 831 692 852 ‚
719 813 840 861 quos
864 795 998 844 valde
1019 795 1270 862 diligebat,
1294 798 1396 846 haec
1417 817 1515 847 om-

86 876 164 923 nia
189 876 458 935 enarravit,
484 885 532 923 et
557 874 806 939 praefatam
838 874 1202 924 advocationem
1238 877 1286 924 in
1318 878 1515 925 domum

82 970 215 1002 suam
235 953 543 1010 convocavit,
570 964 617 1000 et
643 952 885 1017 apostolos
911 954 993 1000 Dei
1021 954 1269 1002 Simonem
1284 967 1331 1003 et
1346 956 1516 1004 Judam

82 1032 147 1079 eis
175 1032 412 1097 protulit,
438 1049 525 1096 per
553 1048 674 1097 quos
699 1031 891 1079 vincere
918 1049 1081 1098 magos
1104 1045 1325 1097 possent,
1352 1035 1387 1081 si
1409 1053 1517 1083 mo·-

81 1111 195 1158 nitis
210 1129 378 1159 eorum
396 1109 796 1159 obsecundarent.
818 1110 1052 1158 Advocati
1071 1129 1204 1170 vero,
1220 1123 1275 1159 ut
1290 1113 1517 1161 viderunt

82 1188 301 1236 homines
324 1189 549 1236 vilissima
582 1187 774 1236 indutos
801 1199 953 1247 veste,
990 1190 1122 1255 quasi
1156 1190 1398 1256 despectui
1434 1210 1514 1240 eos

80 1278 339 1332 coeperunt
382 1266 556 1315 habere
577 1287 589 1324 ;
647 1284 857 1333 quorum
903 1277 1175 1333 turgentem
1223 1271 1516 1334 proterviam

80 1345 251 1393 Simon
288 1344 599 1393 saluberrima
636 1345 880 1411 redarguit
915 1348 1335 1395 sermocinatione.
1369 1348 1513 1398 Plane

80 1424 211 1472 enim
231 1423 579 1472 demonstravit
598 1424 729 1489 quod
755 1426 802 1471 in
825 1426 978 1472 aureis
1000 1436 1048 1473 et
1062 1428 1310 1491 gemmatis
1327 1428 1513 1475 scriniis

79 1501 300 1566 quaedam
334 1502 616 1549 claudantur
647 1502 787 1562 vilia,
822 1513 870 1550 et
902 1503 951 1550 in
984 1503 1223 1550 vilissimis
1250 1505 1513 1572 ligneisque

78 1580 227 1645 capsis
245 1591 544 1646 reponantur
559 1582 765 1647 pretiosa
782 1581 1004 1639 monilia3
1027 1583 1350 1647 pulcherrima
1368 1585 1511 1633 etiam

79 1674 182 1704 vasa
208 1668 342 1706 aceto
370 1659 664 1724 repleantur,
692 1659 951 1707 foedissima
971 1678 1086 1708 vero
1109 1672 1302 1726 aspectu
1325 1664 1512 1728 optimo

79 1735 196 1782 vino
236 1734 533 1783 imbuantur.
574 1737 652 1783 Sic
685 1737 734 1783 in
769 1737 985 1802 personis
1011 1738 1115 1784 visu
1147 1739 1512 1804 despicabilibus

78 1830 432 1877 nonnunquam
452 1831 638 1879 magnae
656 1815 862 1861 virtutes
879 1815 1084 1879 pollent,
1098 1816 1378 1882 meritisque
1392 1835 1509 1882 prae-

78 1889 216 1936 claris
240 1907 429 1937 summo
456 1891 671 1938 Creatori
694 1910 780 1955 per
800 1892 962 1938 omnia
982 1892 1189 1956 placent.

142 1968 326 2016 Deinde
342 1970 489 2016 sancti
513 1970 714 2034 apostoli
736 1970 988 2018 advocatos
1008 1970 1290 2017 salutaribus
1310 1972 1508 2020 monitis

80 2046 440 2103 instruxerunt,
475 2048 713 2112 sacrisque
749 2047 971 2112 precibus
1009 2048 1109 2095 Deo
1144 2048 1512 2097 commendave-

80 2135 197 2172 runt
228 2134 275 2172 et
305 2126 442 2191 signo
467 2127 619 2172 crucis
654 2127 701 2173 in
736 2126 980 2174 frontibus
1003 2127 1328 2192 signaverunt.
1362 2127 1509 2176 Zebe-

78 2201 208 2250 daeus
223 2202 318 2267 (1),
337 2203 512 2269 aliique
526 2203 739 2252 advocati
761 2214 1038 2252 constanter
1053 2204 1111 2251 ad
1130 2222 1290 2269 regem
1311 2205 1506 2269 ingressi

79 2280 225 2345 magis
255 2280 628 2339 insultaverunt;
658 2281 735 2329 sed
762 2283 885 2346 magi
918 2281 1046 2328 nulla
1079 2282 1266 2329 ratione
1299 2282 1405 2330 illos
1429 2283 1509 2329 lae-

80 2356 191 2406 dere
215 2368 497 2423 potuerunt.
534 2360 645 2406 lrati
684 2361 829 2425 igitur
859 2361 982 2426 magi
1014 2360 1376 2408 multitudinem
1407 2379 1509 2409 ser-

82 2434 302 2498 pentium
333 2435 497 2482 venire
520 2434 768 2494 fecerunt,
805 2436 932 2484 unde
958 2454 1125 2485 omnes
1151 2435 1242 2485 hoc
1269 2438 1508 2486 intuentes

84 2511 341 2562 admodum
362 2513 518 2561 territi
538 2525 650 2560 sunt
665 2549 679 2572 ‚
701 2524 749 2561 et
760 2514 962 2578 jubente
980 2532 1089 2581 rege
1108 2516 1285 2562 cursim
1305 2517 1506 2580 apostoli

134 2773 185 2817 (ι)
210 2773 308 2809 Lisez
331 2789 337 2811 :
361 2774 531 2810 Zeboeus.
