1738 3043
574 216 727 256 LIBER
755 214 1033 256 SECUNDUS.
1442 220 1514 258 197

101 297 443 363 prehendentes
460 314 538 344 cos
553 333 565 353 ,
589 298 638 343 in
655 295 916 344 custodiam
930 309 1210 361 posuerunt.
1233 298 1372 345 Fellis
1390 300 1519 347 enim

101 376 326 441 nequitiae
351 375 478 440 pleni
512 374 738 423 dolebant
770 375 900 439 quod
925 376 1156 440 populum
1187 376 1440 435 docerent,
1473 389 1520 425 et

100 454 497 501 resurrectionem
512 471 568 500 ex
583 452 787 500 mortuis
806 453 855 498 in
874 453 983 499 Jesu
1001 455 1361 503 annuntiarent.
1378 457 1516 502 Multi

100 547 268 578 eorum
298 531 381 596 qui
413 529 658 577 audierant
690 528 888 576 verbum
923 529 1251 588 crediderunt,
1289 543 1336 579 et
1371 532 1521 580 sactus

99 618 170 655 est
205 625 431 654 numerus
466 608 680 655 virorum
714 607 929 672 quinque
964 607 1128 654 millia.
1169 610 1223 655 In
1262 612 1521 658 crastinum

102 684 289 741 Annas,
324 685 544 750 princeps
580 682 899 739 sacerdotum,
931 694 978 732 et
1011 684 1208 749 Caiphas
1241 697 1288 734 et
1317 689 1522 736 Joannes

106 771 153 809 et
175 761 441 808 Alexander
459 773 506 809 et
531 772 774 827 quotquot
798 772 933 809 erant
952 762 1009 810 de
1026 780 1198 828 genere
1217 764 1491 812 sacerdotali
1509 802 1522 824 ‚

102 847 149 885 et
182 838 420 902 principes
457 849 504 885 et
541 839 748 886 seniores
788 849 834 886 et
869 838 1063 899 scribae,
1103 843 1374 907 congregati
1414 854 1527 889 sunt

104 915 151 962 in
177 915 452 962 Jerusalem.
482 917 544 962 Et
576 926 833 963 statuentes
858 934 936 964 eos
967 917 1016 964 in
1041 917 1224 975 medio,
1253 919 1525 985 interroga-

103 991 218 1039 bant
246 1013 256 1039 :
286 994 348 1039 In
373 1011 471 1058 qua
493 995 668 1040 virtute
695 1006 780 1041 αιιι
805 996 855 1041 in
881 1013 975 1060 quo
998 998 1191 1043 nomine
1204 996 1403 1061 jecistis
1432 998 1523 1045 lzoc

108 1069 227 1117 vos?
266 1070 403 1116 Tunc
442 1072 609 1118 Petrus
646 1072 828 1136 Spiritu
874 1073 1049 1121 Sancto
1090 1075 1298 1139 repletus
1340 1077 1523 1140 optime

106 1157 301 1195 testatus
345 1157 413 1195 est
451 1149 581 1214 quod
617 1150 665 1196 in
703 1152 900 1198 nomine
933 1153 1043 1198 Jesu
1079 1152 1254 1199 Christi
1293 1154 1522 1202 Nazareni

105 1243 229 1290 aeger
252 1237 439 1272 sanatus
465 1237 558 1283 est,
587 1245 673 1274 nec
703 1229 856 1285 aliud,
886 1231 933 1276 in
961 1248 1058 1296 quo
1084 1231 1249 1277 salvari
1273 1244 1492 1296 oporteat
1509 1270 1522 1290 ‚

105 1321 282 1351 nomen
310 1303 397 1350 sub
422 1305 546 1352 coelo
570 1306 732 1352 datum
751 1318 835 1354 est.
857 1308 1121 1355 Adversarii
1140 1326 1254 1357 vero
1268 1346 1280 1366 ,
1301 1322 1529 1357 constan-

108 1384 222 1429 tiam
247 1383 370 1430 Petri
393 1394 439 1430 et
457 1384 653 1431 Joannis
677 1385 917 1442 videntes,
939 1398 1188 1452 comperto
1212 1388 1342 1453 quod
1365 1387 1528 1436 homi-

107 1479 189 1509 nes
229 1473 382 1509 essent
422 1463 522 1510 sine
555 1463 726 1510 litteris
766 1474 813 1511 et
849 1464 1041 1525 idiotae,
1078 1466 1439 1513 admirabantur
1482 1478 1530 1515 et

108 1537 532 1585 contristabantur.
562 1541 690 1604 Ipsos
710 1542 876 1606 utique
897 1542 1274 1607 cognoscebant,
1296 1545 1528 1609 quoniam

109 1633 217 1663 cum
239 1617 349 1664 Jesu
374 1617 580 1664 fuerant.
606 1620 862 1667 Hominem
886 1638 1078 1687 quoque
1101 1622 1182 1688 qui
1211 1632 1399 1669 curatus
1426 1622 1529 1670 fue-

109 1704 210 1750 rat,
248 1712 355 1740 cum
382 1697 446 1742 eis
473 1706 674 1743 stantem
698 1697 922 1749 videbant
939 1734 952 1756 ‚
982 1709 1028 1746 et
1052 1699 1174 1746 nihil
1206 1700 1531 1748 contradicere

109 1781 355 1835 poterant;
375 1771 454 1819 sed
470 1790 559 1836 pro
577 1774 829 1821 manifesto
843 1777 1026 1823 cunctis
1040 1777 1087 1822 in
1101 1777 1359 1825 Jerusalem
1375 1779 1529 1843 signo,

109 1865 209 1912 prae
235 1848 300 1894 ira
339 1847 654 1896 tabescebant.
685 1852 899 1916 Denique
930 1853 1130 1900 consilio
1162 1865 1382 1918 accepto,
1413 1872 1532 1919 apo—

111 1926 257 1973 stolos
282 1937 635 1985 convocarunt,
658 1939 704 1975 et
725 1947 784 1974 ne
803 1931 1004 1977 omnino
1026 1931 1357 1995 loquerentur,
1379 1950 1531 1998 neque

111 2005 339 2052 docerent
368 2006 416 2052 in
450 2007 645 2054 nomine
679 2008 810 2064 Jesu,
849 2008 1271 2056 denuntiaverunt.
1312 2010 1530 2070 Quorum

114 2095 357 2147 praecepto
375 2087 538 2130 Petrus
559 2094 603 2130 et
622 2085 827 2132 Joannes
846 2086 1127 2132 auctoritate
1152 2104 1315 2152 magna
1339 2100 1532 2135 contra-

113 2160 364 2218 dixerunt,
398 2161 606 2209 dieentes
638 2183 647 2208 :
677 2163 735 2209 Sc·
754 2165 944 2228 justum
973 2175 1040 2210 est
1069 2166 1118 2210 in
1151 2178 1407 2230 conspectu
1440 2169 1536 2214 Dei

115 2256 202 2285 vos
230 2241 397 2305 potius
428 2240 602 2286 audire
637 2259 783 2305 quam
819 2242 1110 2300 Dominam,
1141 2242 1384 2307 judicate.
1421 2245 1533 2292 [Yon

117 2318 240 2362 enim
258 2335 544 2382 possumus,
578 2336 687 2382 quse
707 2319 922 2365 vidimus
953 2331 997 2365 et
1029 2319 1324 2378 audivimus,
1355 2340 1448 2368 non
1474 2324 1535 2370 lo-

118 2395 216 2457 qui.
257 2394 320 2440 At
358 2394 423 2439 illi
463 2396 806 2443 comminantes
841 2414 919 2443 eos
952 2396 1261 2455 dimiserunt,
1299 2416 1396 2445 non
1434 2403 1531 2448 ausi

120 2471 289 2533 punire
328 2488 447 2535 quos
484 2470 704 2517 sidebant
736 2473 920 2537 populo
954 2490 1043 2537 pro
1083 2474 1262 2538 ingenti
1304 2476 1533 2525 miraculo

119 2547 373 2595 admodum
397 2549 580 2613 placere
598 2550 690 2611 (ι).

168 2721 218 2763 (ι)
245 2721 328 2755 Act.
347 2727 464 2767 apost.
489 2734 533 2763 iv,
561 2734 653 2756 1-22.
676 2723 816 2765 (Annec
835 2721 879 2757 53
896 2722 941 2757 de
960 2722 1044 2758 l'ere
1063 2723 1304 2770 clireticnnc.)
