1738 3043
210 254 288 293 242
577 249 820 288 HISTORIA
851 247 1254 287 ECCLESIASTICA.

212 329 509 379 Aristarchus
523 363 536 384 ,
557 326 800 375 Secundus
813 361 826 382 ‚
844 325 987 373 Gaius
1000 362 1012 383 ,
1033 325 1244 373 Derbeus
1261 325 1624 385 etTimotheus;

215 409 371 454 Asiani
409 422 629 471 quoque,
666 404 850 451 Titicus
885 413 933 451 et
969 403 1279 467 Tropliimus.
1320 403 1486 450 Paulus
1519 421 1629 452 cum

213 488 334 531 Luca
367 494 476 549 post
499 483 596 530 dies
617 500 897 548 azymorum
919 501 942 528 a
968 482 1199 546 Philippis
1231 481 1289 528 ad
1313 481 1550 531 Troadem
1579 484 1627 531 in

209 562 375 610 dicbus
409 561 625 627 quinque
658 559 924 625 navigando
949 560 1110 619 venit,
1138 558 1299 624 ibique
1331 558 1498 607 diebus
1521 577 1631 625 sep—

212 652 306 688 tem
329 639 508 704 deguit.
540 638 646 685 Una
675 636 885 695 sabbati,
914 655 1024 684 eum
1047 637 1207 702 plures
1230 636 1287 683 ad
1313 636 1631 703 frangendum

206 736 378 783 panem
410 718 772 773 convenissent,
806 727 853 764 et
884 716 1128 781 prolixum
1161 732 1432 763 sermonem
1465 716 1628 774 Pauli,

208 798 291 862 qui
316 795 621 861 profecturus
646 804 747 842 erat
777 795 825 841 in
853 795 1140 851 crastinum,
1175 811 1323 859 usque
1356 794 1404 840 in
1428 794 1631 842 mediam

208 885 401 922 noctem
427 873 767 920 auscultassent
783 907 796 929 ,
825 871 1074 937 Eutychus
1096 871 1365 920 adolescens
1389 889 1531 936 super
1558 872 1632 919 fe-

205 963 414 1001 nestram
447 951 637 1008 sedens,
665 967 836 998 somno
867 959 1085 1014 gravatus
1112 950 1170 997 de
1206 949 1351 998 tertio
1383 949 1634 998 coenaculo

203 1030 427 1077 deorsum
445 1027 640 1084 cecidit,
659 1027 738 1075 sed
753 1026 974 1092 precibus
992 1026 1119 1073 Pauli
1141 1027 1442 1074 resuscitatus
1454 1063 1468 1085 ,
1487 1045 1633 1074 cune-

209 1109 266 1154 tis
288 1108 369 1173 qui
396 1106 486 1154 hoe
514 1105 732 1153 viderant
753 1104 1068 1170 gaudentibus
1091 1105 1265 1152 revixit
1286 1105 1380 1169 (i).

273 1186 314 1232 A
346 1185 513 1233 Mileto
545 1183 716 1231 Paulus
748 1184 944 1230 mittens
978 1181 1249 1247 Ephesum,
1283 1185 1485 1247 majores
1519 1193 1634 1231 natu

207 1264 430 1311 Ecclesiae
452 1263 665 1318 vocavit,
689 1271 737 1309 et
756 1261 961 1326 plurima
983 1261 1048 1308 eis
1071 1260 1128 1308 ad
1149 1261 1345 1309 salutem
1364 1262 1633 1309 animarum

209 1341 458 1389 commoda
491 1340 738 1405 replicavit
750 1357 764 1397 ;
804 1338 1040 1405 finitoque
1075 1357 1321 1396 sermone,
1358 1341 1524 1405 positis
1548 1358 1634 1406 ge-

207 1419 349 1467 nibus
373 1420 492 1477 suis,
519 1436 629 1465 cum
661 1416 888 1466 omnibus
920 1417 1012 1464 illis
1044 1418 1216 1465 oravit.
1247 1418 1449 1483 Magnus
1472 1428 1630 1466 autem

211 1498 348 1544 lletus
373 1496 594 1544 omnium
627 1494 778 1542 sactus
811 1505 904 1552 est,
942 1504 990 1543 et
1029 1495 1249 1543 osculatis
1284 1495 1537 1554 fratribus,
1576 1497 1635 1543 ad

209 1592 381 1622 navem
404 1573 578 1620 Paulus
603 1571 662 1619 ab
691 1573 757 1620 eis
783 1572 1012 1620 deductus
1044 1583 1130 1620 est.
1169 1574 1409 1637 Ingressus
1438 1591 1633 1631 navem,

214 1662 347 1699 recto
377 1668 518 1698 cursu
551 1649 816 1714 navigando
848 1650 980 1696 venit
1005 1649 1217 1708 Choum,
1246 1649 1355 1698 inde
1381 1640 1633 1709 Rhodum,

215 1730 548 1792 Pataramque,
570 1736 618 1774 et
637 1745 722 1791 per
747 1726 935 1791 Syriam
954 1727 1087 1774 venit
1105 1727 1316 1791 Tyrum;
1344 1725 1505 1793 ibique
1525 1745 1635 1774 cum

218 1805 434 1853 lidelibus
447 1805 608 1851 amicis
627 1805 672 1851 in
693 1805 884 1852 Christo
900 1821 965 1852 vn
982 1804 1148 1851 diebus
1163 1806 1439 1869 permansit.
1456 1805 1637 1853 Deinde

216 1884 273 1931 de
290 1883 566 1931 Tolomaida
582 1884 656 1947 (9.)
673 1883 932 1929 Caesaream
949 1883 1105 1940 venit,
1123 1882 1416 1948 domumque
1428 1882 1634 1948 Philippi

222 1961 531 2025 Evangelistae
544 1996 556 2017 ‚
588 1960 662 2007 cui
690 1970 898 2025 quatuor
917 1970 1053 2008 erant
1076 1959 1187 2007 filiae
1206 1960 1412 2025 virgines
1429 1960 1634 2026 proplie-

222 2048 398 2096 tantes,
423 2038 619 2084 intravit
637 2039 728 2102 (5).

287 2117 426 2162 Tunc
450 2113 636 2179 Agabus
659 2114 891 2179 propheta
918 2114 1029 2160 illuc
1049 2132 1073 2161 a
1091 2114 1254 2161 Judaea
1273 2115 1570 2179 supervenit,
1595 2125 1642 2162 et

226 2210 341 2239 zona
365 2192 494 2237 Pauli
520 2191 658 2256 pedes
683 2202 731 2239 et
754 2210 922 2238 manus
944 2191 1032 2238 sibi
1056 2192 1290 2257 alligavit,
1317 2202 1461 2257 atque
1487 2192 1640 2256 palam

272 2405 322 2448 (ι)
347 2403 432 2437 Act.
450 2408 568 2447 apost.
586 2414 641 2444 xx,
665 2414 760 2436 1-17..
778 2404 805 2437 Α
821 2403 1008 2450 l'exemple
1025 2403 1240 2450 ‹I'Origi-ne,
1257 2410 1362 2438 notre
1375 2410 1506 2438 auteur
1522 2402 1643 2437 donne

227 2463 258 2496 le
286 2473 369 2496 nom
390 2460 435 2495 dc
456 2461 640 2506 Sosipater
663 2473 706 2495 au
728 2474 953 2509 p‹·1·s‹›nnage
975 2475 1046 2509 quc
1066 2463 1159 2497 saint
1178 2464 1251 2498 Luc
1269 2462 1409 2510 appelle
1427 2463 1592 2509 Sopater.
1613 2461 1642 2495 Il

227 2523 258 2555 l(-
278 2522 341 2556 fait
368 2520 421 2555 fils
444 2520 489 2554 de
511 2521 634 2554 Birrns
661 2533 703 2555 au
733 2522 802 2555 lien
824 2521 869 2555 de
893 2523 1078 2568 Pyrrhum
1103 2523 1148 2558 de
1167 2523 1276 2558 Caius
1299 2522 1345 2557 de
1370 2521 1508 2564 Derbe,
1530 2521 1555 2555 il
1579 2521 1643 2555 fait

227 2582 320 2615 ‹lvnx
341 2592 582 2627 personnagvs
598 2595 604 2617 2
618 2580 713 2614 enlin
725 2609 733 2619 ,
752 2581 774 2614 il
787 2582 875 2615 ecrit
892 2589 1158 2617 constamment
1175 2582 1317 2616 Titicus
1332 2593 1426 2628 pour
1444 2580 1638 2626 Tycliicus.

274 2643 324 2686 (Ἃ)
351 2641 471 2674 Liscz‘
495 2639 737 2674 Plnlenmidn.

274 2700 323 2742 (Β)
351 2700 435 2734 Act.
458 2706 575 2743 προς-1.
595 2712 651 2737 u„
681 2698 814 2740 ifi-xxi,
836 2713 868 2746 ς).
893 2701 918 2734 ll
938 2701 1040 2746 §agit
1060 2701 1104 2734 ici
1122 2700 1166 2733 dv
1186 2701 1274 2734 saint
1298 2699 1483 2745 Philippo,
1506 2698 1639 2740 diacre,

228 2758 313 2803 «μιίΙ
330 2770 374 2791 nc
392 2758 468 2791 faut
487 2769 547 2804 pas
562 2757 761 2791 ronfondrc·
781 2770 862 2791 axv(-
883 2759 1031 2803 l'apinre
1049 2758 1099 2792 du
1119 2758 1235 2793 meme
1252 2769 1335 2792 noni
1365 2755 1451 2800 (58.)
