1738 3043
584 203 739 242 LIBER
767 202 1049 243 SECUNDUS.
1459 207 1533 247 231

103 302 212 332 eum
238 301 427 331 summo
453 284 629 329 civium
651 281 886 330 desiderio
911 294 1157 348 susceptus
1181 293 1280 342 est,
1309 302 1334 330 a
1361 284 1540 350 quibus

102 363 247 412 etiam
271 363 456 409 cunetis
485 360 746 409 comitibus
767 361 896 407 Petri
919 362 1078 408 omnis
1104 361 1373 410 humanitas
1394 363 1540 428 gratis

103 458 213 488 cum
240 440 459 505 hospitiis
486 440 694 504 impensa
718 449 805 485 est.
834 438 977 485 Mane
1002 457 1171 504 magna
1199 440 1464 489 multitudo
1489 441 1540 488 in

105 519 302 567 hortum
337 519 548 566 Maronis
577 517 634 564 ad
669 516 960 565 audiendum
995 518 1192 565 Petrum
1225 519 1464 577 accurrit;
1494 529 1543 567 et

105 598 201 662 ipse
237 597 473 661 imprimis
493 596 689 660 spiritus
715 594 990 643 immundos
1019 595 1336 645 vociferantes
1367 615 1423 645 ex
1449 597 1543 646 ob-

102 677 234 723 sessis
252 674 537 740 corporibus
552 673 735 740 fugavit
748 710 762 732 ,
780 684 826 722 et
846 673 1124 740 languentes
1141 684 1251 739 post
1268 692 1542 724 sermonem

102 753 301 800 sanavit.
330 752 401 800 lbi
426 752 589 799 salutis
614 751 759 799 verba
785 768 872 817 per
903 762 998 800 tres
1030 769 1216 800 menses
1247 754 1440 818 copiose
1468 772 1541 801 se-

101 832 332 889 minavit,
359 842 406 879 et
431 831 755 889 Clementem,
782 831 997 896 aliosque
1022 831 1211 896 plures,
1240 831 1292 878 in
1316 830 1536 879 sontibus

99 909 182 974 qui
208 908 421 974 contigui
448 907 688 956 habentur
712 908 862 966 mari,
891 908 1174 974 baptizavit,
1203 907 1540 974 hospitemque

99 1003 238 1033 suum
264 987 515 1035 Maronem
530 988 631 1051 jam
649 985 920 1051 perfectum
941 987 991 1034 in
1012 985 1242 1035 omnibus
1261 987 1542 1052 episcopum

101 1074 372 1112 constituit.

169 1142 285 1190 lnde
319 1142 617 1190 Antaradum
650 1143 810 1199 venit,
846 1153 894 1191 et
927 1153 1208 1208 sequentem
1239 1141 1542 1190 credentium

102 1220 464 1269 multitudinem
489 1222 538 1268 in
562 1221 676 1268 duas
702 1231 858 1286 partes
880 1220 1068 1279 divisit;
1098 1238 1269 1287 easque
1290 1221 1473 1270 Nicetae
1493 1232 1542 1269 et

99 1300 291 1366 Aquilae
313 1301 546 1366 praecepit
566 1300 764 1358 ducere,
793 1310 841 1348 et
864 1299 1136 1348 Laodiciam
1155 1299 1453 1365 praecedere,
1480 1318 1542 1347 ne

105 1389 235 1426 tanta
255 1380 609 1444 constipatione
630 1379 936 1444 sequentium
954 1378 1201 1426 videretur
1219 1378 1385 1427 alienis
1402 1396 1427 1424 a
1447 1377 1540 1425 fide

105 1457 333 1505 invidiam
353 1458 566 1524 gignere.
590 1456 777 1520 Quibus
797 1458 1085 1523 progressis,
1112 1458 1241 1506 inter
1262 1457 1414 1504 amica
1439 1458 1540 1505 col-

102 1537 263 1604 loquia
299 1537 519 1586 Clemens
555 1536 684 1586 unde
719 1548 838 1586 esset
872 1541 1015 1585 Petro
1052 1537 1318 1596 intimavit,
1360 1554 1540 1602 proge-

99 1617 326 1683 niemque
350 1634 481 1664 suam
496 1652 511 1675 ,
533 1634 760 1682 casusque
778 1626 1036 1681 parentum
1055 1633 1257 1664 suorum
1276 1615 1534 1663 enarravit.

99 1696 154 1743 ln
193 1696 429 1753 crastino,
466 1696 515 1742 in
551 1695 761 1743 vicinam
797 1694 1028 1751 insulam,
1070 1694 1129 1742 ad
1163 1694 1424 1742 videndum
1462 1694 1538 1740 vi-

99 1785 223 1821 treas
253 1774 328 1838 (1)
357 1774 605 1822 immensae
630 1774 977 1838 magnitudinis
1015 1773 1262 1820 columnas
1294 1772 1533 1836 perrexit;

99 1851 265 1917 ibique
288 1861 400 1916 post
424 1867 490 1898 xx
512 1868 664 1898 annos
683 1851 929 1898 Matidiam
954 1861 1159 1897 matrem
1183 1867 1315 1896 suam
1341 1866 1427 1913 per
1445 1849 1539 1895 Pe—

100 1942 232 1977 trum
259 1930 559 1996 recognovit.
587 1930 755 1977 Petrus
778 1940 938 1976 autem
965 1927 1202 1994 hospitem
1227 1927 1442 1974 Matidiae
1466 1944 1537 1991 pa-

99 2010 350 2076 ralyticam
374 2026 514 2074 prece
538 2009 746 2065 sanavit,
774 2018 822 2055 et
852 2007 1071 2055 Clemens
1098 2007 1139 2054 ei
1164 2006 1297 2054 mille
1320 2005 1537 2070 dragmas

102 2105 193 2153 pro
216 2087 607 2135 remuneratione
632 2085 781 2134 dedit.

166 2167 349 2216 Deinde
372 2166 541 2214 Petrus
562 2166 696 2214 venit
717 2165 942 2213 Balancas
966 2176 1014 2213 et
1045 2163 1155 2212 inde
1174 2162 1344 2210 Paltho
1359 2199 1371 2220 ‚
1394 2171 1539 2226 atque

148 2406 200 2450 (ι)
224 2403 254 2438 ll
273 2403 516 2451 paraitqu'on
536 2401 616 2437 doit
633 2402 701 2437 lire
718 2404 858 2442 vireas,
879 2409 958 2436 tant
979 2401 1023 2435 ici
1043 2412 1115 2448 que
1135 2399 1224 2434 dans
1239 2397 1272 2431 le
1290 2398 1372 2432 saux
1387 2395 1536 2439 Abdias,

103 2463 166 2510 qui
185 2476 203 2497 a
222 2463 326 2509 copie
342 2474 414 2496 une
431 2461 548 2509 partie
566 2460 611 2495 de
629 2473 669 2495 ce
688 2461 799 2500 recit;
818 2467 853 2495 et
876 2473 921 2495 en
939 2458 1041 2500 cffet,
1055 2458 1119 2493 des
1132 2456 1306 2491 colonnes
1325 2455 1371 2489 de
1390 2454 1470 2489 bois
1495 2454 1540 2489 de

104 2523 233 2566 vigne,
265 2521 426 2569 quelque
453 2521 662 2555 (limension
694 2521 806 2567 qu'on
831 2520 913 2554 leur
943 2529 1122 2565 suppose,
1153 2522 1236 2551 sont
1261 2527 1394 2550 encore
1421 2526 1541 2548 monus

106 2582 331 2629 iucroyalsses
359 2596 431 2631 qus·
457 2582 521 2617 des
547 2581 721 2617 colonnes
751 2580 796 2615 (lc
825 2593 932 2615 verre
961 2582 1150 2613 immcusae
1179 2575 1463 2623 magnitmlim's.
1495 2574 1542 2608 Lv

105 2642 239 2688 lvniple
262 2642 308 2678 de
326 2644 449 2679 Junon
469 2645 486 2678 ξι
508 2643 718 2690 Metaponto
738 2642 824 2676 eluit
848 2642 952 2686 porte
973 2652 1038 2685 pai·
1057 2637 1120 2674 ‹l‹·s
1139 2637 1312 2673 volonno<
1337 2634 1381 2669 de
1401 2634 1478 2667 linis
1498 2632 1542 2666 (lc

109 2712 228 2745 vigne.
