1738 3043
187 232 266 269 340
551 227 792 266 nlsTomA
826 227 1228 268 ECCLESIASTICA.

251 310 382 356 Xlll.
410 312 430 353 J
437 307 547 353 udas
567 309 731 353 Simon
758 308 989 355 Scariotes
1010 308 1066 355 de
1089 308 1218 355 tribu
1238 306 1442 355 lssacliar
1463 319 1596 357 ortus

187 399 251 434 est
270 424 282 444 ,
310 397 356 433 et
383 387 506 432 inter
527 385 774 433 duodecim
800 387 1036 451 apostolos
1065 398 1365 450 computatus
1395 398 1480 435 est.
1507 389 1599 437 Sed

188 467 315 530 quia,
346 464 500 511 lethali
526 464 1134 529 cupiditatei11llammatus‚
1153 465 1326 511 Judaeis
1353 466 1600 530 specialem

188 543 483 607 magistrum,
500 542 844 607 dominumque
857 560 994 588 suum
1012 559 1109 588 xxx
1122 544 1354 607 argenteis
1368 542 1597 600 vendidit,

188 618 476 681 apostolatus
517 619 796 682 dignitatem
836 618 1066 682 perdidit,
1111 629 1158 665 et
1199 618 1318 666 male
1359 619 1602 683 poenitens

187 697 330 742 miser
353 695 522 760 laqueo
545 713 592 742 se
616 695 876 759 suspendit.
900 696 1126 760 Sequaces
1151 698 1246 759 ejus
1271 695 1422 743 adhuc
1443 697 1490 742 in
1514 695 1602 742 Ec-

189 775 322 822 clesia
348 774 486 821 multi
512 784 647 831 sunt,
671 774 751 838 qui
773 792 904 820 sacro
927 775 1121 821 nomine
1145 776 1243 821 sine
1260 774 1399 837 justis
1423 773 1604 820 actibus

189 853 454 917 nuncupari
483 853 670 900 volunt.
697 853 847 916 Digna
872 852 1065 916 quidem
1086 853 1306 916 indignus
1334 862 1382 899 et
1406 851 1606 917 mystica

189 932 330 978 Judas
369 931 533 978 habuit
568 932 789 987 nomina,
826 929 999 994 quibus
1029 930 1131 976 salsi
1168 930 1410 977 christiani
1450 929 1607 996 typice

192 1010 483 1057 denotantur
504 1010 552 1055 in
577 1009 800 1055 Ecclesia.
823 1009 845 1053 J
853 1008 962 1054 udas
987 1009 1114 1055 enim
1135 1008 1361 1073 confitens
1380 1008 1609 1072 interpre-

193 1099 340 1148 tatur,
367 1106 465 1153 quo
489 1088 686 1135 nomine
712 1087 779 1132 illi
805 1086 1162 1151 portenduntur
1188 1086 1301 1150 qui,
1334 1095 1388 1131 ut
1414 1085 1479 1131 ait
1502 1101 1611 1149 apo-

193 1166 370 1223 stolus,
400 1165 694 1213 confitentur
719 1183 765 1212 se
790 1182 926 1212 nosse
960 1166 1138 1220 Deum,
1171 1163 1306 1209 factis
1334 1173 1492 1210 autem
1523 1179 1612 1209 ne-

193 1255 324 1309 gant.
356 1245 509 1292 Porro
534 1243 701 1290 Simon
729 1242 954 1289 obediens
985 1242 1346 1304 interpretatur,
1374 1258 1458 1304 per
1480 1237 1611 1304 quod

194 1321 480 1370 vocabulum
519 1321 785 1388 hypocritae
821 1331 868 1368 et
902 1319 1223 1376 fraudulenti,
1262 1319 1460 1384 falsique
1495 1316 1613 1365 obe-

195 1399 376 1447 dientes
399 1398 689 1463 figurantu1‘,
717 1399 798 1464 qui
824 1415 921 1444 non
942 1414 1032 1462 pro
1055 1414 1215 1444 amore
1242 1396 1329 1443 Dei
1352 1394 1614 1442 desiderio-

195 1494 288 1541 que
314 1476 494 1523 coelesti
519 1476 771 1524 dominicis
795 1475 1045 1539 praeceptis
1078 1473 1388 1530 famulantur,
1417 1470 1496 1518 sed
1523 1486 1614 1535 pro

200 1555 327 1600 inani
353 1554 501 1618 gloria
518 1590 531 1610 ,
560 1553 864 1617 humanoque
887 1552 1045 1599 favore
1061 1587 1074 1608 ,
1103 1551 1469 1615 transitoriaque
1490 1566 1615 1596 mer-

199 1631 334 1687 cede,
368 1634 609 1695 'majorum
645 1631 877 1676 mandatis
902 1631 1053 1694 specie
1089 1640 1225 1676 tenus
1261 1628 1609 1692 obsequuntur.

197 1708 234 1755 E
266 1708 440 1774 quibus
465 1708 623 1772 plures
641 1743 653 1764 ,
686 1718 740 1753 ut
763 1707 903 1753 Judas
929 1707 1140 1763 scariot,
1177 1706 1323 1752 nimia
1359 1704 1614 1768 cupiditate

201 1797 517 1840 excaecantur,
546 1796 592 1831 et
611 1786 779 1833 relicto
800 1785 1040 1831 bonorum
1060 1784 1234 1839 studio,
1256 1782 1612 1846 consortioque,

202 1865 250 1910 in
276 1862 572 1911 detestabiles
597 1874 752 1910 reatus
773 1863 903 1910 ultro
928 1862 1173 1918 labuntur,
1202 1860 1492 1925 funibusque
1512 1876 1618 1923 pec-

202 1959 250 1988 ca
259 1952 417 1989 torum
432 1940 823 1988 indissolubiliter
837 1940 1070 2004 illaqueati
1083 1938 1432 2003 periclitantur.
1451 1937 1620 1982 Trans-

203 2019 343 2066 itoria
366 2020 543 2084 quippe
565 2019 780 2066 mercede
807 2020 852 2065 in
879 2018 1099 2082 praesenti
1129 2017 1302 2064 saeculo
1321 2014 1550 2081 gaudent,
1572 2024 1619 2061 et

202 2095 279 2142 hic
302 2113 392 2160 pro
424 2095 707 2161 quibusdam
742 2093 1068 2143 honestatibus
1098 2105 1145 2141 et
1171 2092 1431 2140 manifestis
1457 2090 1621 2139 obser—

202 2174 477 2221 vationibus
495 2185 685 2239 recepta
706 2173 1146 2237 recompensatione
1171 2172 1277 2219 elati
1303 2179 1521 2235 turgent;
1543 2166 1622 2215 sed

206 2252 254 2297 in
295 2251 462 2299 futuro
501 2251 818 2299 inextricabili
860 2268 984 2297 nexu
1017 2250 1288 2307 constricti,
1328 2247 1540 2294 tartareis
1573 2246 1622 2291 in

205 2329 375 2376 cloacis
409 2329 664 2394 lugebunt,
699 2339 745 2375 et
780 2328 1037 2375 inedicibili
1073 2327 1413 2392 suppliciorum
1451 2339 1622 2389 genere

206 2423 296 2470 pro
315 2407 597 2469 perpetratis
619 2405 873 2453 sceleribus
893 2406 1114 2464 cruciati,
1136 2405 1268 2452 omni
1289 2421 1369 2468 spe
1391 2399 1621 2449 remissio-

207 2484 280 2530 nis
305 2482 552 2530 carebunt.

276 2561 541 2609 Recedente
564 2562 621 2610 de
646 2574 777 2610 coetu
799 2563 1063 2628 apostolico
1081 2561 1197 2607 Juda
1221 2558 1489 2624 proditore,
1508 2554 1624 2619 quid

209 2638 382 2687 residui
409 2651 713 2697 meruerunt,
738 2641 817 2706 qui
848 2658 957 2687 cum
982 2639 1191 2687 Domino
1220 2637 1328 2684 Jesu
1349 2650 1624 2698 permanse-

208 2715 353 2763 runt?
376 2715 612 2764 ineffabile
643 2717 784 2764 decus
818 2728 863 2764 et
895 2717 1230 2780 sempiternam
1260 2710 1620 2759 beatitudinem.
