1738 3043
209 250 220 283 l
240 244 283 285 14
570 241 815 281 HISTORIA
846 241 1250 281 ECCLESIASTICA.

272 323 442 370 Tertio
458 320 801 386 persecutionis
817 337 964 378 anno,
979 338 1078 387 quo
1093 331 1140 368 et
1157 320 1467 369 Constantius
1484 320 1629 383 obiit,

208 401 529 466 [Maximinus
552 408 600 446 et
622 399 820 447 Severus
843 417 867 446 a
887 399 1079 447 Galerio
1107 399 1318 446 Maximo
1338 399 1411 464 (ι)
1437 416 1632 449 eaesares

210 479 372 541 sacti].
401 478 442 525 E
475 476 652 542 quibus
682 477 971 525 Maximinus
1004 477 1233 524 maleficia
1271 487 1319 525 et
1353 487 1516 543 stupra
1551 495 1632 526 sua

207 555 594 603 Christianorum
621 553 1032 620 persecutionibus
1063 555 1348 602 accumulat.
1375 559 1538 602 Passus
1564 565 1636 604 est

209 651 259 680 ea
283 643 559 698 tempestate
584 637 748 681 Petrus
770 632 1074 681 Alexandrioe
1093 633 1340 697 episcopus
1354 668 1367 690 ,
1396 649 1507 680 cum
1528 632 1636 697 plu-

213 711 346 759 ribus
359 713 557 778 AEgypti
573 712 823 776 episcopis.
845 712 1078 759 Lucianus
1093 729 1306 776 quoque,
1325 712 1402 758 vir
1419 710 1637 759 moribus

211 801 259 837 ct
295 790 593 838 continentia
636 800 682 838 et
723 789 993 837 eruditione
1028 789 1324 853 principuus,
1363 787 1637 837 Antiochiae

210 867 488 933 presbyter,
517 877 563 915 et
587 867 664 913 alii
690 867 830 913 multi
855 867 974 931 passi
1002 876 1115 912 sunt
1139 865 1232 930 (2).

276 945 619 992 Constantinus
639 944 910 991 Constantii
930 961 985 990 ex
1006 942 1275 990 concubina
1295 943 1473 991 Helena
1491 942 1636 1001 filius,

216 1023 262 1068 in
289 1021 533 1068 Britannia
558 1031 740 1067 creatus
766 1021 1054 1084 imperator,
1081 1019 1298 1085 regnavit
1320 1021 1457 1066 annis
1474 1036 1571 1066 xxx
1594 1028 1643 1066 et

215 1099 457 1147 mensibus
484 1116 532 1145 x.
561 1098 636 1146 Ab
655 1115 784 1145 anno
806 1097 1152 1162 persecutionis
1176 1108 1350 1162 quarto
1372 1097 1643 1145 Maxentius

214 1178 422 1225 Herculii
450 1177 725 1224 Maximiani
755 1176 880 1222 filius
911 1177 1078 1223 Romae
1109 1185 1332 1240 augustus
1355 1173 1640 1240 appellatur.

215 1257 427 1304 Licinius
451 1255 745 1302 Constantiae
774 1253 952 1301 sororis
979 1253 1284 1301 Constantini
1308 1253 1382 1300 vir
1406 1251 1643 1299 Carnunti

218 1335 479 1397 imperator
500 1343 704 1379 creatur.
727 1331 1072 1378 Constantinus
1090 1330 1148 1378 de
1167 1339 1471 1394 persecutore
1488 1328 1647 1376 Chris-

218 1411 372 1456 tianus
396 1409 622 1464 eflicitur,
651 1418 698 1455 et
733 1407 977 1454 ecclesiam
1000 1407 1084 1453 Dei
1119 1405 1378 1453 sublimare
1409 1415 1513 1454 toto
1539 1404 1648 1451 nisu

216 1496 436 1534 conatur.
472 1487 526 1532 In
558 1485 757 1532 Nieaeno
791 1484 997 1532 concilio
1031 1483 1143 1531 fides
1177 1482 1407 1531 catholica
1438 1483 1647 1548 exponi—

220 1576 316 1611 tur.
341 1564 684 1611 Constantinus
704 1563 874 1610 multas
896 1562 1105 1610 Domino
1126 1560 1338 1609 basilicas
1357 1560 1645 1609 construxit.

220 1646 415 1700 Romae,
443 1642 524 1689 ubi
554 1642 818 1706 baptizatus
850 1650 920 1688 est
937 1679 949 1702 ,
984 1639 1226 1687 basilicam
1249 1640 1364 1688 fecit
1388 1641 1439 1688 in
1463 1639 1650 1688 honore

221 1724 369 1769 sancti
406 1721 601 1770 Joannis
634 1720 884 1784 Baptistae,
927 1736 1035 1784 quae
1069 1719 1335 1783 appellatur
1369 1717 1651 1766 Constanti-

224 1803 390 1857 niana;
414 1801 554 1848 beato
570 1801 712 1846 Petro
733 1799 782 1844 in
804 1798 983 1862 templo
1003 1797 1257 1861 Apollinis,
1279 1808 1325 1844 et
1345 1795 1485 1844 beato
1503 1795 1652 1843 Paulo

226 1880 275 1924 in
301 1879 372 1923 xia
405 1877 626 1924 Ostiensi.
658 1876 711 1921 ln
737 1874 913 1939 palatio
944 1874 1218 1921 Sessoriano
1242 1871 1511 1930 basilicam,
1541 1889 1651 1938 quae

226 1957 596 2022 cognominatur
630 1952 918 2011 Jerusalem,
950 1951 1093 2009 fecit,
1130 1950 1213 1998 ubi
1246 1950 1304 1998 de
1337 1950 1470 2016 ligno
1499 1949 1654 1996 crucis

228 2052 1653 2071 ῆ-*ᾔᾲᾲ--ἐ

232 2110 262 2141 l«-
281 2107 324 2144 αὖ
340 2107 462 2154 juillet
482 2105 572 2149 300,
594 2105 684 2140 dans
703 2104 734 2138 la
754 2104 961 2152 quinzieme
986 2104 1101 2137 anne-e
1122 2102 1167 2137 de
1194 2114 1258 2137 son
1279 2100 1493 2136 association
1512 2101 1533 2134 a
1551 2098 1654 2133 l'em-

233 2169 311 2214 pire
331 2179 473 2203 comme
498 2167 610 2201 cesar.
641 2165 687 2199 Le
716 2163 844 2198 cliill're
869 2162 932 2198 des
955 2169 1111 2207 niartyrs
1136 2161 1199 2208 qui
1227 2161 1392 2207 perirent
1412 2171 1458 2193 en
1482 2170 1533 2192 un
1563 2157 1656 2193 mois

234 2227 323 2260 n'est
342 2238 413 2272 que
432 2226 477 2259 de
502 2236 627 2271 17‚ooo
646 2222 736 2257 dans
754 2220 863 2256 lsi-dc.
888 2221 1010 2265 Voyez
1036 2231 1098 2253 sur
1117 2218 1168 2253 les
1192 2224 1349 2264 martyrs
1375 2215 1653 2263 d'Angleterre‚

233 2286 416 2321 l'lle'slnire
434 2285 707 2328 ecs·lefc1‘t1„clt'que
736 2281 781 2315 (le
813 2287 869 2315 cet
893 2286 1034 2321 auteur,
1056 2291 1066 2311 1
1081 2307 1089 2322 ‚
1112 2278 1172 2312 ch.
1195 2290 1229 2325 7.
1259 2277 1362 2313 Saint
1386 2274 1581 2323 Pamphile
1600 2274 1657 2310 sut

235 2348 303 2381 niis
323 2349 342 2380 a
361 2351 457 2379 mort
474 2343 507 2378 le
529 2341 568 2377 15
586 2342 718 2375 sevrier
737 2339 820 2387 509.

284 2408 333 2450 (i)
354 2404 450 2438 Lisvz
472 2419 477 2436 z
501 2402 747 2437 Illamimimm.

283 2467 333 2509 (α)
364 2463 535 2497 Maximin
568 2462 660 2495 Haza
690 2467 727 2494 et
755 2459 884 2494 seve-re
915 2458 1039 2493 surent
1067 2455 1181 2491 eleves
1210 2468 1257 2490 au
1283 2467 1374 2503 rang
1401 2454 1447 2490 de
1476 2454 1595 2489 cesai-s
1622 2451 1656 2488 le

243 2530 286 2558 ι’*
305 2524 373 2557 mai
393 2522 459 2556 305
481 2535 543 2568 par
563 2520 763 2555 Diocleticn
784 2526 820 2553 et
848 2518 1061 2561 Maxiniien,
1082 2529 1128 2551 au
1147 2522 1311 2551 moment
1335 2514 1381 2549 ‹le
1405 2513 1488 2549 leur
1507 2512 1655 2548 abdica-

239 2585 329 2619 tion.
356 2584 502 2621 pierre,
530 2580 737 2628 patriarche
757 2578 1035 2620 d'Alexandrie,
1069 2576 1211 2612 souflrit
1230 2575 1263 2611 le
1289 2581 1448 2620 martyre
1475 2573 1508 2608 le
1526 2572 1570 2607 25
1589 2584 1657 2607 no-

239 2642 386 2678 vembre
408 2640 494 2679 511.
527 2648 563 2673 ct
588 2640 681 2674 saint
699 2640 834 2674 Lucien
862 2639 894 2674 le
911 2651 931 2686 7
949 2638 1089 2685 janvicr
1117 2635 1202 2679 512,
1230 2635 1263 2670 la
1290 2633 1522 2682 persecution
1550 2637 1659 2678 ayant

243 2702 493 2737 recommence
515 2711 669 2747 presque
691 2697 1004 2733 imnu'·‹liatement
1023 2708 1105 2731 avec
1127 2707 1197 2730 une
1225 2692 1390 2729 nouvelle
1415 2692 1542 2727 fureur
1568 2690 1658 2726 daus

243 2763 293 2797 'nes
313 2763 477 2797 conti-ees
495 2759 669 2795 soumises
690 2761 707 2793 a
729 2758 914 2793 Maximin.
