1738 3043
675 170 829 210 LIBER
861 170 1067 209 PRIMUS.
1532 171 1584 209 (555

227 250 591 315 Circumspectis
630 247 882 304 omnibus,
918 248 1165 296 malivolos
1201 250 1322 296 cives
1359 250 1578 315 reliquit,

162 339 209 376 et
238 346 347 375 cum
374 344 440 375 xn
476 328 523 372 in
554 323 832 372 Bethaniam
868 326 1008 382 exiit,
1040 326 1201 391 ibique
1221 327 1411 374 mansit.
1441 328 1581 374 Man(-¹

162 417 404 455 revertens
433 406 481 451 in
507 404 773 460 civitatem,
802 403 991 460 esuriit;
1019 404 1075 449 ad
1099 404 1319 452 arborem
1345 405 1448 460 fici,
1475 423 1582 470 quae

161 503 290 532 secus
308 484 430 531 viam
447 481 630 539 stabat,
650 471 799 528 ven-it.
823 481 912 528 Sed
938 482 985 528 in
1007 499 1056 528 ea
1072 482 1190 528 nihi!
1206 520 1218 540 ,
1245 484 1332 529 nisi
1354 484 1464 530 solia
1486 494 1582 530 tan-

162 574 290 620 tum,
312 562 518 618 invenit,
541 571 588 608 et
604 559 887 608 maledicens
907 561 999 606 ait:
1020 560 1286 625 Nunquam
1309 580 1370 608 ex
1390 574 1432 608 te
1443 563 1581 625 siuc-

160 654 233 689 tus
252 652 484 688 nascatur
498 642 547 686 in
567 641 920 705 sempiternam.
946 638 1194 686 Continuo
1214 638 1413 688 ficulnea
1433 642 1580 696 aruit,

158 738 242 784 per
266 737 409 784 quam
436 735 671 784 synagoga
702 717 994 782 designatur,
1022 735 1131 782 quae
1154 718 1297 765 verba
1319 719 1431 785 legis
1446 757 1459 779 ‚
1482 738 1580 767 non

158 797 341 843 fructus
367 796 532 842 habuit
555 797 640 858 (ι).

223 875 575 938 Interrogantes
600 873 649 918 in
673 890 763 938 qua
793 882 1025 936 potestate
1056 873 1103 919 in
1127 873 1307 938 templo
1332 884 1427 920 tam
1452 892 1582 940 prae-

157 953 279 999 clara
294 952 495 1009 faceret,
516 952 829 1016 interrogavit
847 950 1139 1015 baptismum
1152 953 1349 999 Joannis
1376 953 1433 1000 de
1455 953 1583 1000 coelo

158 1041 259 1079 erat
277 1067 291 1089 ‚
319 1049 377 1078 an
409 1049 464 1078 ex
496 1029 789 1078 hominibus.
827 1031 945 1076 Tam
969 1028 1101 1077 brevi
1138 1031 1403 1096 quaestione
1429 1031 1582 1078 Chris-

157 1119 232 1154 tus
263 1108 536 1155 insidiantes
563 1107 650 1154 sibi
679 1107 899 1154 confudit
933 1119 979 1154 et
1003 1125 1171 1155 eorum
1197 1125 1280 1155 ora
1312 1108 1575 1155 obturavit.

158 1185 280 1232 Nam
313 1185 440 1250 quod
467 1203 491 1232 e
515 1185 641 1231 coelo
667 1202 834 1232 verum
859 1184 1071 1232 sciebant
1093 1202 1215 1245 esse,
1251 1185 1468 1233 confiteri
1494 1203 1579 1234 no-

158 1265 352 1312 luerunt
380 1282 470 1329 pro
502 1264 822 1329 malignitate,
851 1282 938 1311 nee
962 1264 1115 1328 palam
1145 1282 1317 1329 negare
1344 1265 1440 1311 ausi
1467 1275 1579 1311 sunt

154 1362 244 1408 pro
271 1343 520 1389 turbarum
550 1344 740 1391 timore.

219 1420 399 1469 Deinde
421 1421 694 1486 parabolam
715 1421 854 1486 ponit
871 1421 928 1468 de
946 1420 1132 1469 duobus
1152 1421 1284 1479 filiis,
1308 1439 1428 1488 quos
1445 1433 1578 1487 pater

156 1500 204 1546 in
228 1500 412 1546 vineam
433 1499 585 1556 misit;
613 1498 788 1565 quibus
811 1499 1004 1546 initium
1028 1509 1074 1547 et
1101 1499 1209 1547 finis
1232 1499 1443 1548 diversus
1461 1501 1572 1548 fuit.

155 1576 290 1624 Unus
315 1577 445 1624 enim
467 1578 592 1641 patri
627 1594 727 1624 non
750 1576 927 1635 verbo,
955 1577 1034 1625 sed
1056 1587 1165 1624 actu
1189 1576 1403 1626 obedivit
1413 1597 1426 1636 ;
1457 1579 1577 1626 alter

154 1672 268 1703 vero
292 1673 391 1703 non
418 1673 502 1704 ore
517 1693 531 1713 ‚
556 1655 635 1704 sed
656 1674 798 1721 opere
822 1674 1077 1720 spernens,
1101 1657 1395 1704 contradixit
1411 1658 1506 1722 (2).

219 1733 375 1780 Aliam
399 1751 592 1800 quoque
612 1735 669 1782 de
695 1735 899 1800 agricola
931 1735 1164 1783 Dominus
1191 1736 1383 1802 adjecit,
1406 1738 1488 1801 qui
1511 1738 1576 1783 vi-

154 1829 292 1859 neam
324 1812 583 1876 plantavit,
617 1823 662 1861 et
697 1831 893 1878 peregre
918 1813 1221 1878 profecturus
1257 1815 1441 1863 colonis
1472 1833 1574 1863 eam

155 1887 346 1935 locavit.
375 1888 466 1949 Qui
494 1907 652 1936 servos
674 1892 770 1954 ejus
789 1926 801 1947 ,
833 1890 948 1936 dum
972 1891 1123 1937 vineae
1147 1891 1332 1938 fruetus
1357 1909 1577 1955 reposce—

156 1976 291 2023 rent,
333 1967 768 2031 apprehenderunt.
810 1969 971 2015 Alium
1007 1969 1308 2026 ceciderunt,
1353 1980 1407 2015 ut
1444 1972 1572 2016 Jere-

155 2043 322 2100 miam;
350 2044 495 2097 alium
515 2044 822 2102 occiderunt,
850 2056 903 2091 ut
923 2047 1111 2103 Isaiam3
1138 2046 1285 2092 alium
1307 2064 1421 2094 vero
1453 2047 1575 2112 lapi-

155 2120 412 2179 daverunt,
436 2133 489 2168 ut
506 2121 697 2170 Naboth
718 2134 764 2170 et
791 2123 1062 2170 Zachariam
1086 2143 1096 2168 :
1121 2125 1376 2172 novissime
1399 2125 1570 2171 Filium

153 2199 238 2246 Dei
263 2200 620 2248 crucifixerunt.
650 2202 853 2267 Mystiee
876 2220 1036 2249 servus
1060 2220 1184 2249 unus
1207 2213 1254 2250 et
1279 2204 1398 2250 alter
1420 2204 1574 2250 mitti—

155 2287 260 2334 tur,
288 2296 398 2325 cum
420 2279 493 2326 lex
512 2315 524 2336 ,
553 2280 758 2344 psalmus
784 2291 831 2327 et
855 2281 1104 2346 prophetia
1133 2282 1307 2347 legitur
1318 2301 1330 2339 3
1364 2300 1572 2347 quorum

156 2356 347 2404 monitu
375 2356 496 2404 hene
521 2369 762 2422 operetur.
799 2359 889 2406 Sed
915 2360 1081 2406 missus
1113 2358 1331 2417 caeditur,
1365 2360 1570 2424 ejicitur,

157 2451 265 2480 cum
279 2453 435 2483 sermo
453 2436 804 2494 contemnitur3
828 2437 900 2484 vel
919 2473 930 2496 ,
951 2437 1081 2503 quod
1100 2440 1230 2502 pejus
1249 2448 1342 2498 est,
1364 2437 1576 2503 blasphe-

204 2623 254 2666 (1)
284 2622 416 2657 Matth.
444 2637 517 2666 xxi,
550 2637 674 2673 17-19;
695 2627 805 2661 Marc.
830 2640 882 2666 xi,
911 2627 967 2670 15,
995 2632 1045 2670 ¹4-
1069 2627 1322 2673 *(¹2)ssl':1ttli.
1349 2628 1573 2670 xx1,¹13-3·1;

162 2680 272 2713 Marc.
292 2693 323 2715 xi
339 2711 346 2724 ,
366 2681 498 2729 27-'53;
520 2685 606 2719 Luc.
629 2697 687 2727 xx,
714 2687 788 2721 1-8.
