1738 3043
250 261 324 299 :32⁴
616 256 855 295 1115'1'01uA
886 256 1285 294 ECCLESlASTch.

249 358 381 386 mans
416 338 534 383 dixit
567 355 575 379 ε
613 336 847 402 Apostole
877 336 1256 391 Bartholomoee,
1293 337 1550 390 incendunt
1582 354 1658 382 me

249 416 488 461 orationes
518 425 628 460 (αα).
657 412 911 477 Apostolus
935 423 1090 458 autem
1116 411 1235 458 dixit
1263 413 1303 459 ei
1335 432 1345 457 ε
1379 411 1657 460 Obmutesce

249 506 291 538 et
322 493 405 538 cuz-i
434 491 495 537 ab
521 509 592 537 eo.
628 491 692 536 Et
715 491 873 537 statim
905 489 1128 537 liberatus
1158 499 1226 536 est
1259 488 1428 551 homo,
1457 491 1540 555 qui
1572 507 1658 554 per

249 569 424 615 inultos
446 584 595 615 annos
614 567 832 632 fatigatus
851 566 1004 613 suerat
1025 566 1084 612 ab
1104 584 1176 613 eo.

315 649 415 694 Hoc
440 657 493 692 ut
511 646 745 693 Polemius
763 647 778 708 (ζ
791 647 833 709 ι)
853 646 1057 709 ejusdem
1076 646 1336 709 provinciae
1353 662 1436 693 rex
1458 643 1655 701 audivit,

249 726 302 771 ad
323 743 431 772 eum
454 725 609 780 misit,
634 741 802 788 rogans
827 734 878 768 ut
902 733 1087 769 sanaret
1109 722 1253 769 filiam
1271 740 1400 768 suam
1416 757 1428 779 ,
1455 738 1562 786 quae
1585 720 1658 767 lu-

250 804 398 849 natica
424 813 545 857 erat,
581 811 627 847 ct
649 818 813 848 omnes
845 817 965 865 quos
999 810 1158 846 tenere
1187 809 1376 864 poterat
1398 815 1561 846 morsu
1583 808 1658 844 at-

249 880 502 933 trectabat,
526 891 603 926 aut
626 878 866 925 scindebat
891 890 937 924 ct
962 878 1187 925 eaedebat.
1210 879 1478 942 Exsurgens
1502 878 1658 941 itaque

247 959 486 1023 apostolus
505 975 613 1002 cum
639 957 813 1003 nuntio
838 956 958 1019 regis
979 956 1210 1019 perrexit,
1237 966 1285 1001 ct
1307 955 1511 1018 puellam
1529 964 1658 1000 cate-

248 1037 318 1081 nis
353 1034 565 1080 strictam
589 1033 703 1080 solvi
737 1033 982 1097 praecepit.
1010 1033 1184 1088 Porro,
1220 1030 1538 1078 metuentibus
1563 1031 1659 1077 mi-

248 1112 408 1158 nistris
447 1111 503 1157 ad
542 1129 643 1157 eam
679 1110 922 1166 accedere,
963 1108 1084 1155 dixit
1121 1108 1398 1172 apostolus:
1430 1108 1660 1156 Vinctum

245 1202 376 1236 teneo
411 1190 655 1235 inimicum
687 1190 772 1252 qui
796 1199 896 1233 erat
924 1189 972 1232 ιἰι
1007 1189 1132 1252 ipsa.
1170 1188 1242 1233 Ite
1272 1198 1314 1232 et
1341 1204 1449 1232 eam
1473 1186 1658 1241 solvite,-

248 1268 403 1313 lavate
428 1278 471 1312 el
496 1266 695 1330 reficite,
725 1276 768 1310 et
791 1265 1005 1310 crastina
1033 1264 1113 1310 die
1137 1282 1278 1310 mane
1303 1263 1373 1310 ad
1394 1281 1467 1310 me
1495 1264 1660 1310 addu-

249 1348 353 1391 cite.
389 1343 570 1390 Euntes
604 1342 822 1389 fecerunt
856 1341 984 1406 quod
1010 1341 1249 1406 apostolus
1274 1342 1438 1405 jussit,
1465 1358 1666 1406 eamque*

245 1422 435 1469 dfemon
471 1421 594 1467 ultra
633 1438 801 1467 *exarc
835 1438 934 1467 non
965 1421 1142 1484 potuit.
1171 1420 1308 1466 Tunc
1340 1437 1423 1467 rex
1445 1420 1662 1467 oneravit

248 1499 447 1545 camelos
465 1515 581 1544 auro
602 1508 649 1545 et
667 1507 864 1561 argento
880 1532 892 1552 ‚
921 1497 1118 1561 gemmis
1136 1514 1187 1543 ae
1207 1495 1436 1554 vestibus,
1458 1506 1506 1544 et
1528 1513 1661 1561 quae-

247 1576 356 1620 sivit
374 1575 668 1638 apostolum3
695 1574 773 1620 sed
793 1592 848 1621 eo
867 1591 964 1620 non
994 1575 1213 1630 invento,
1237 1585 1404 1620 cuncta
1422 1583 1659 1638 reportata

247 1664 358 1699 sunt
377 1651 431 1698 ad
451 1652 691 1715 palatium.

312 1730 528 1794 Cumque
550 1729 788 1793 sequentis
814 1728 903 1774 diei
930 1745 1098 1774 aurora
1126 1729 1378 1792 inciperet,
1413 1738 1460 1776 et
1491 1746 1575 1776 rex
1610 1730 1659 1775 iu

249 1806 470 1853 cubiculo
507 1807 663 1852 clauso
703 1816 846 1861 esset,
886 1805 1125 1869 apostolus
1167 1806 1204 1852 ei
1249 1806 1373 1852 solus
1411 1807 1657 1870 apparuit,

252 1887 497 1949 ipsumque
517 1901 623 1931 vera
642 1883 732 1930 fide
751 1894 797 1929 et
813 1884 1002 1929 salutari
1025 1883 1242 1930 doctrina
1264 1885 1506 1931 instruxit.
1540 1885 1660 1932 Nam

253 1961 628 2007 incarnationem
652 1959 796 2009 Verbi
823 1960 907 2006 Dei
933 1977 988 2006 ex
1015 1960 1291 2007 intemerata
1311 1961 1494 2026 virgine
1513 1961 1660 2008 Maria

252 2039 457 2086 seriatim
492 2039 686 2094 retulit,
730 2037 1078 2102 trimodamque
1116 2039 1460 2096 tentationem,
1500 2040 1661 2104 tripli-

254 2133 447 2181 cemque
473 2116 719 2162 victoriam
742 2115 994 2180 diligenter
1016 2117 1294 2181 enucleavit,

318 2193 553 2240 Polemius
578 2211 660 2239 rex
682 2193 953 2256 apostolicae
978 2193 1303 2257 praedicationi
1329 2195 1587 2260 acquievit,
1614 2206 1661 2242 et

257 2271 502 2335 pontifices
529 2270 765 2316 idolorum
788 2271 833 2316 in
855 2271 1114 2316 crastinum
1138 2271 1396 2319 sacrificare
1420 2290 1475 2319 ex
1502 2272 1660 2318 indus-

257 2350 345 2394 tria
370 2348 612 2411 praecepit.
638 2347 750 2409 Ipsis
773 2358 928 2393 autem
957 2349 1107 2411 prima
1136 2349 1226 2396 diei
1250 2348 1364 2396 hora
1390 2349 1659 2396 sacrifican-

259 2425 383 2471 tibus
417 2424 604 2469 daemon
639 2423 823 2469 locutus
847 2434 914 2471 est
930 2461 943 2483 ,
970 2436 1016 2473 et
1039 2427 1306 2474 vexationes
1331 2444 1457 2484 suas,
1485 2425 1657 2490 quibus

254 2502 312 2548 ab
335 2501 508 2565 angelis
527 2499 855 2564 torquebatur,
879 2513 1164 2567 conquestus
1184 2514 1268 2550 est.
1295 2501 1525 2566 Apostolo
1542 2519 1658 2567 quo-

301 2696 350 2738 (ι)
377 2692 473 2726 Dans
491 2691 523 2725 l(-
549 2693 627 2724 lanx
647 2691 796 2728 Abdias,
822 2706 861 2726 ce
877 2694 1001 2739 princ(-
1019 2702 1066 2727 est
1094 2693 1219 2739 appele
1241 2693 1448 2739 Polymius,
1470 2701 1506 2729 et
1523 2694 1554 2729 le
1571 2707 1652 2743 per-

257 2762 412 2796 sonnage
435 2748 625 2796 precedent
649 2749 850 2783 l'semtius.
