1738 3043
260 240 331 277 198
614 236 855 274 HISTORRA
886 236 1286 275 ECCLESIASTICA.

319 316 502 362 Dimissi
535 316 591 360 ad
620 332 727 362 suos
750 325 1012 372 venerunt,
1040 325 1087 361 et
1112 333 1218 380 quae
1253 315 1340 361 sibi
1365 315 1662 381 contigerant

254 395 316 441 eis
358 393 779 440 annuntiaverunt.
826 392 917 452 Qui
956 410 1064 439 cum
1103 392 1365 450 audissent,
1406 410 1569 441 vocem
1604 394 1663 441 ad

252 472 513 519 Dominum
552 471 842 518 unanimiter
882 471 1176 527 tex-averunt,
1218 481 1265 518 et
1300 470 1468 518 ardore
1499 472 1663 519 divino

255 549 528 595 inflammati
556 549 800 613 specialem
825 551 1016 613 Deoqu‹¹
1040 559 1220 613 gratam
1241 549 1508 597 orationem
1531 548 1664 598 fude-

254 637 385 672 runt.
421 626 483 672 Et
518 644 625 673 cum
650 637 886 682 orassent,
918 637 1075 673 motus
1101 636 1169 672 cst
1195 625 1325 673 locus
1353 627 1399 673 in
1425 643 1522 692 quo
1542 643 1664 674 con-

253 704 505 760 sistebant,
532 722 791 768 omnesque
818 704 998 768 Spiritu
1034 705 1207 751 Sancto
1243 704 1410 768 repleti
1443 714 1582 762 sunt,
1616 714 1665 752 et

254 780 434 829 retibus
471 798 612 827 sacra²
645 779 994 844 praedicationis
1029 780 1205 827 multos
1240 781 1297 827 (le
1335 779 1663 844 profunditate

254 876 472 905 errorum
497 857 552 903 ad
573 857 677 903 fidei
694 858 986 922 justitiaeque
1011 858 1169 904 lumen
1196 868 1509 905 attraxerunt.

319 934 644 980 Multitudinis
682 933 976 980 credentium
1011 944 1111 980 erat
1138 952 1220 980 cor
1251 951 1401 979 unum
1431 944 1478 981 et
1510 934 1663 980 anima

256 1029 365 1058 una.
396 1010 526 1056 Nihil
551 1011 804 1073 proprium
828 1010 995 1074 aliquis
1019 1010 1313 1074 possidebat,
1349 1028 1502 1076 neque
1532 1012 1667 1076 quis-

255 1106 396 1153 quam
429 1089 553 1134 inter
582 1088 686 1134 illos
717 1105 855 1153 egens
888 1099 1005 1135 erat.
1043 1088 1211 1135 Omnia
1246 1088 1336 1134 illis
1365 1098 1499 1135 erant
1530 1105 1667 1135 com-

257 1166 435 1212 munia.
458 1166 747 1213 Possessores
765 1166 1021 1213 domorum
1039 1175 1120 1212 aut
1137 1182 1360 1230 agrorum
1377 1164 1663 1223 vendebant,

255 1253 302 1290 et
334 1254 442 1290 ante
476 1242 615 1307 pedes
651 1243 976 1307 apostolorum
1013 1243 1163 1307 pretia
1200 1259 1366 1290 eorum
1401 1241 1663 1307 ponebant.

256 1319 600 1367 Dividebantur
618 1331 774 1367 autem
799 1320 1018 1385 singulis,
1046 1330 1191 1383 prout
1211 1320 1380 1385 cuique
1404 1337 1522 1384 opus
1545 1329 1663 1366 erat.

256 1398 483 1443 Primitus
524 1398 571 1443 in
610 1397 868 1444 Jerusalem
905 1396 1119 1444 ordinata
1156 1398 1220 1444 sic
1257 1397 1432 1445 effulsit
1469 1397 1664 1455 concio,

258 1477 389 1538 cujus
413 1484 510 1521 tota
535 1474 668 1521 coelis
692 1492 876 1538 semper
896 1474 1121 1539 flagrabat
1146 1476 1366 1523 intentio.
1394 1476 1532 1521 Hunc
1556 1491 1668 1521 con·

258 1562 453 1600 ventum
480 1563 573 1598 tam
594 1553 861 1616 jocundum
891 1548 1133 1599 dedicavit
1154 1554 1259 1600 diva
1292 1552 1589 1611 benedictio,
1621 1563 1670 1600 et

259 1629 500 1677 bonorum
528 1629 635 1676 inde
663 1647 853 1676 morum
875 1629 1013 1676 nobis
1034 1630 1152 1675 alma
1178 1631 1386 1676 manavit
1408 1629 1665 1678 institutio.

259 1707 432 1771 Joseph
471 1706 528 1752 ab
564 1707 787 1771 apostolis
823 1707 1183 1770 cognominatus
1218 1705 1478 1764 Barnabas,
1519 1705 1566 1753 id
1599 1715 1671 1754 est

245 1785 387 1850 filius
411 1785 782 1841 consolationis,
807 1784 991 1841 leviteS‚
1019 1784 1221 1848 Cyprius
1245 1801 1440 1849 genere,
1465 1800 1669 1848 promp-

261 1873 334 1909 tus
371 1862 426 1908 ad
456 1879 575 1926 opus
608 1861 815 1918 bonum,
852 1879 959 1907 cum
998 1860 1191 1907 haberet
1225 1877 1416 1925 agrum,
1454 1858 1670 1907 vendidit

261 1940 419 1995 illum,
445 1939 607 1985 attulit
628 1939 858 2002 pretium,
883 1948 930 1985 et
949 1948 1057 1985 ante
1080 1938 1217 2002 pedes
1244 1938 1401 2002 posuit
1423 1935 1668 2001 apostolo-

260 2034 368 2064 rum
395 2019 486 2080 (1).
522 2017 724 2062 Ananias
749 2025 904 2062 autem
936 2033 1102 2080 agrum
1131 2015 1370 2072 vendidit,
1405 2024 1452 2062 et
1482 2014 1667 2062 conscia

261 2112 409 2143 uxore
433 2112 511 2140 sua
536 2094 732 2141 nomine
755 2094 946 2157 Saphira
962 2129 975 2150 ‚
1001 2093 1058 2140 de
1089 2093 1245 2157 pretio
1275 2092 1374 2157 agri
1404 2090 1664 2149 fraudavit,

262 2182 308 2218 et
341 2172 539 2218 afferens
573 2180 757 2234 partem
787 2169 1060 2234 quamdam,
1093 2169 1150 2215 ad
1176 2168 1313 2232 pedes
1342 2167 1669 2232 apostolorum

260 2249 436 2311 posuit.
459 2248 524 2293 Ut
547 2248 712 2293 Petrus
732 2246 945 2293 fraudem
964 2264 1047 2309 per
1065 2246 1296 2309 Spiritum
1315 2246 1541 2291 Sanctum
1564 2261 1670 2310 cog-

262 2325 422 2379 novit,
446 2323 802 2369 fraudulentum
817 2323 873 2370 de
891 2323 1134 2369 mendacio
1153 2323 1427 2387 increpavit.
1448 2322 1539 2383 Qui
1556 2339 1667 2370 mox

264 2411 318 2446 ut
340 2399 538 2464 apostoli
572 2398 956 2463 redargutionem
978 2399 1178 2456 audivit,
1206 2399 1375 2446 cecidit
1403 2409 1449 2447 et
1478 2399 1667 2463 expira-

262 2480 348 2525 vit.
374 2478 436 2523 Et
461 2487 564 2541 post
590 2478 793 2541 spatium
817 2482 946 2542 quasi
976 2479 1122 2524 trium
1144 2477 1394 2535 horarum,
1424 2494 1547 2525 uxor
1570 2479 1667 2541 ejus

310 2727 360 2769 (ι)
387 2726 471 2759 Διί.
492 2732 608 2768 apost.
632 2737 677 2765 nv,
699 2724 818 2772 ἰδ-57.
837 2727 977 2769 (Annee
994 2725 1038 2762 35
1057 2725 1102 2761 de
1122 2725 1206 2760 l’ere
1225 2724 1465 2770 chretienne.)
