1738 3043
587 225 740 263 LIBER
768 224 1049 264 SECUNDUS.
1454 229 1531 266 295>

104 308 224 355 versi
244 318 381 365 sunt,
404 317 452 355 et
477 309 525 354 in
550 307 746 354 nomine
763 306 950 353 Sanctae
972 307 1223 354 Trinitatis
1240 306 1533 372 baptismum

103 396 439 452 perceperunt.
464 387 604 433 Tunc
622 385 944 433 Aristodimus
967 387 1064 450 (ι),
1086 387 1168 452 qui
1193 397 1294 435 erat
1313 388 1530 452 pontifex

102 463 323 511 omnium
351 463 623 523 idolorum,
654 461 981 510 stimulatione
1000 464 1190 528 pessimi
1214 465 1408 529 spiritus
1436 475 1535 512 tur-

103 541 232 588 bavit
257 541 493 606 populum
516 551 571 588 ut
595 550 701 588 orta
725 540 959 588 seditione
987 541 1195 606 populus
1227 546 1275 589 in
1301 543 1535 608 populum

103 628 351 683 pararetur
374 618 432 665 ad
461 617 659 666 bellum.
685 616 776 666 Sed
797 618 1006 667 Joannes
1025 619 1150 682 pacis
1175 631 1360 667 amator
1379 620 1501 667 dixit
1520 640 1529 666 ε

102 697 199 744 Dic
232 696 376 754 milzi,
413 696 736 755 Aristodime,
774 697 897 761 qaid
907 697 1110 761 faciam
1143 708 1195 743 ut
1227 698 1534 764 indignatio-

102 792 210 821 nem
230 774 295 821 de
311 775 476 822 animo
501 785 581 821 ίιιο
606 773 816 822 tollam?
835 772 900 821 At
921 773 1001 822 ille
1028 794 1038 820 :
1069 774 1129 821 Si
1150 776 1254 834 vis,
1283 775 1466 841 inquit,
1489 789 1538 823 ιιι

101 852 298 899 credam
328 851 435 899 Deo
471 863 579 910 tuo,
614 852 703 899 tibi
734 870 973 900 venenum
1003 853 1163 900 bibere
1196 853 1345 901 dabo.
1389 855 1539 920 Quod

102 929 220 977 dum
253 929 454 989 biberis,
493 932 541 978 si
573 943 790 979 mortuus
820 949 918 980 non
933 933 1129 996 fueris,
1163 933 1422 999 apparebit
1454 952 1539 982 ve—

102 1027 206 1056 rum
247 1027 348 1057 esse
389 1010 548 1057 Deum
594 1021 745 1058 taum.
788 1011 1050 1076 Apostolus
1092 1021 1253 1059 autem
1294 1011 1386 1060 hoc
1426 1031 1539 1077 pac-

103 1099 207 1135 tum
227 1090 476 1136 concessit.
497 1090 652 1138 Porro
667 1089 1008 1148 Aristodimus,
1031 1108 1141 1139 eum
1158 1101 1337 1139 terrere
1352 1091 1536 1147 volens,

102 1166 157 1214 ad
176 1168 518 1232 proconsulem
539 1168 775 1233 perrexit,
797 1168 1014 1235 duosque
1036 1170 1194 1227 viros,
1216 1170 1298 1234 qui
1326 1186 1418 1234 pro
1444 1171 1537 1216 suis

101 1245 358 1294 sceleribus
391 1246 658 1294 decollandi
689 1258 849 1305 erant,
876 1247 935 1294 ab
961 1265 1017 1295 eo
1041 1248 1198 1313 petiit.
1228 1247 1318 1295 Illo
1343 1239 1538 1296 tandein

102 1323 421 1381 concedente,
451 1325 500 1371 in
527 1324 739 1371 medium
772 1324 936 1372 forum
963 1325 1153 1372 adducti
1185 1336 1323 1385 sunt,
1359 1336 1406 1373 et
1441 1325 1538 1372 illic

105 1404 152 1449 in
180 1414 442 1467 conspectu
464 1403 668 1468 apostoli
694 1413 742 1450 et
773 1404 921 1452 totius
944 1404 1111 1468 populi
1138 1421 1376 1451 venenum
1400 1403 1539 1452 bibe-

105 1491 244 1537 runt,
276 1489 323 1527 et
349 1498 462 1527 mox
492 1480 718 1544 spiritum
745 1479 1045 1527 exhalarunt.
1066 1481 1238 1528 Beatus
1256 1498 1372 1529 vero
1396 1483 1539 1529 Joan-

103 1576 215 1616 nes,
244 1558 516 1622 jacentibus
539 1559 746 1606 mortuis
770 1560 854 1624 qui
880 1576 1122 1607 venenum
1145 1559 1397 1619 biberant,
1429 1561 1537 1607 cali-

60 1648 66 1654 ·
102 1653 204 1683 cem
241 1635 509 1700 intrepidus
542 1636 751 1701 accepit;
789 1647 837 1683 et
870 1636 1170 1701 signaculum
1204 1638 1359 1684 crucis
1397 1638 1445 1684 in
1484 1656 1540 1686 eo

103 1712 305 1770 faciens,
333 1713 503 1761 devote
528 1714 710 1772 oravit,
737 1714 1021 1779 cunctisque
1046 1713 1351 1762 audientibus
1381 1716 1541 1763 ineffa-

104 1791 218 1838 bilia
244 1792 329 1840 Dei
360 1810 502 1857 opera
538 1792 744 1840 fideliter
772 1793 1076 1840 memoravit.
1107 1792 1290 1840 Deinde
1315 1794 1541 1858 semetip-

105 1887 210 1915 sum
233 1870 372 1933 signo
398 1871 552 1916 crucis
576 1871 803 1927 armavit,
827 1880 1080 1936 totumque
1108 1870 1241 1935 quod
1261 1880 1363 1917 erat
1389 1871 1440 1916 in
1467 1888 1541 1916 ca-

107 1947 194 1994 lice
221 1946 373 2004 bibit,
400 1948 708 2012 Dominoque
731 1949 903 2012 gratias
930 1964 1071 2012 agens
1088 1983 1101 2005 ‚
1131 1947 1268 1993 laetus
1300 1957 1347 1994 et
1378 1946 1541 1994 hilaris

106 2026 385 2089 permansit.
428 2025 569 2086 Quod
603 2024 902 2072 attendentes
937 2024 1132 2090 populi,
1172 2024 1498 2071 clamaverunt
1527 2047 1535 2072 :

110 2106 245 2152 Unus
268 2122 411 2152 verus
436 2104 572 2151 Deus
598 2115 666 2150 est
692 2121 832 2169 quem
852 2104 1094 2166 proeclieat
1118 2104 1350 2151 Joannes.

173 2184 492 2232 Aristodimus
516 2194 675 2231 autem
689 2219 703 2241 ‚
732 2200 842 2230 cum
873 2201 957 2248 per
983 2193 1076 2231 tres
1102 2182 1242 2230 horas
1268 2182 1540 2247 apostolum

108 2264 192 2311 Dei
212 2263 390 2311 obnixe
409 2262 774 2320 considerasset,
796 2279 884 2309 nec
901 2279 1012 2309 eum
1034 2261 1227 2327 aliquod
1249 2261 1442 2325 palloris
1461 2279 1542 2309 scu

111 2341 441 2406 trepidationis
459 2341 699 2404 specimen
726 2338 897 2388 habere
921 2338 1334 2404 deprehendisset,
1358 2340 1543 2387 eceteris

110 2437 219 2467 cum
242 2419 610 2485 objurgantibus
632 2418 823 2467 credere
846 2417 1169 2476 detrectabat,
1196 2418 1275 2466 sed
1301 2416 1540 2465 obdurato

113 2498 254 2547 eorde
281 2499 468 2546 veritati
496 2497 649 2546 adhuc
676 2497 938 2546 resistebat.
969 2498 1186 2562 Denique
1208 2497 1348 2561 petiit
1376 2506 1429 2543 ut
1454 2514 1541 2543 ve-

164 2749 211 2791 (1)
240 2748 335 2783 Liscz
390 2748 645 2783 xlm-anismam
