1738 3043
591 179 745 218 LIBER
772 179 1051 218 SECUNDUS.
1454 183 1531 222 375

114 257 319 316 audivit,
348 259 535 324 conjugi
560 276 654 305 suae
679 258 944 306 Benedietae
972 259 1199 323 praecepit
1226 268 1280 305 ut
1306 258 1534 308 festinan-

118 347 189 384 ter
218 335 274 383 ad
306 337 551 384 hominem
587 337 667 383 Dei
693 347 940 401 pergeret,
969 348 1015 382 et
1040 354 1156 384 xxvi
1185 336 1326 384 libras
1349 340 1450 385 auri
1486 350 1533 387 et

115 424 364 478 argentum
383 414 614 461 sufficiens
634 431 790 460 secum
810 413 1044 472 deferret,
1067 414 1282 480 factaque
1300 416 1533 481 petitione

116 492 510 556 propitiationem
546 492 629 540 Dei
664 508 749 556 per
785 493 882 556 ejus
916 493 1121 538 amicum
1150 492 1238 540 sibi
1271 493 1531 542 obtineret.

116 571 179 618 At
212 571 290 619 illa
323 590 431 618 cum
462 588 641 618 summa
673 570 924 618 velocitate
958 571 1181 636 imperata
1208 583 1536 638 competenter

115 651 324 714 paravit,
347 660 393 698 et
417 667 525 697 cum
549 648 734 697 duobus
754 649 966 697 millibus
990 651 1278 716 octingentis
1297 651 1536 718 equitibus

115 728 174 775 ad
215 729 372 776 virum
406 729 491 776 Dei
528 728 754 793 perrexit.
795 729 1079 777 Perveniens
1112 741 1270 777 autem
1308 732 1364 777 ad
1403 731 1537 777 illum

116 803 400 853 fiducialiter
422 823 512 870 pro
539 806 627 852 viri
653 807 723 852 sui
753 805 902 854 salute
924 807 1079 871 petiit.
1113 807 1265 872 Super
1287 810 1417 872 eujus
1447 808 1538 856 fide

115 881 279 931 beatus
319 885 393 931 vir
430 884 740 942 exhilaratus,
788 885 1036 932 sanitatem
1071 896 1255 951 aegroto
1290 886 1532 951 promisit.

116 963 257 1009 Tunc
283 961 506 1010 baculum
541 980 680 1009 suum
712 972 945 1012 matronae
981 963 1198 1022 tradidit,
1226 982 1278 1010 ac
1311 974 1365 1010 ut
1398 983 1540 1032 super

117 1041 343 1087 maritum
365 1058 503 1088 suum
527 1052 756 1106 poneret,
786 1051 839 1087 ut
864 1051 1130 1101 sanaretur,
1157 1043 1402 1107 praecepit.
1434 1045 1541 1090 Au-

117 1136 228 1165 rum
252 1130 411 1166 autem
435 1130 480 1166 et
512 1130 764 1186 argentum
798 1120 1008 1185 accipere
1043 1120 1225 1178 noluit,
1265 1121 1344 1168 sed
1381 1121 1539 1168 divina

118 1195 381 1243 secundum
408 1197 602 1244 Domini
630 1207 923 1262 praeceptum
948 1196 1176 1245 beneficia
1207 1200 1351 1264 gratis
1375 1217 1543 1265 eroga-

118 1275 205 1321 vit.
238 1274 463 1323 Nobilem
491 1293 606 1324 vero
628 1275 931 1323 Benedictam
963 1286 1010 1323 et
1035 1294 1200 1324 omnes
1233 1277 1415 1324 itineris
1445 1280 1543 1342 ejus

119 1353 318 1400 comites
346 1351 627 1418 baptizavit,
655 1364 702 1401 et
736 1371 901 1401 omnes
935 1354 983 1401 in
1022 1354 1112 1402 fide
1146 1354 1453 1404 confirmatos
1486 1356 1542 1403 ad

120 1430 313 1495 propria
336 1432 538 1478 remisit.

186 1509 371 1556 Interea
396 1508 667 1575 Burdegalae
699 1509 810 1556 dum
846 1510 1049 1556 civitatis
1080 1509 1286 1574 populus
1324 1511 1382 1557 ad
1409 1511 1544 1558 delu-

120 1586 204 1633 bra
243 1586 482 1634 idolorum
519 1589 721 1635 venisset
763 1598 810 1635 et
844 1587 1062 1653 pontifex
1101 1588 1237 1635 thura
1277 1599 1538 1647 cremaret,

120 1665 312 1712 daemon
346 1683 432 1730 per
465 1665 719 1731 quemdam
756 1665 1017 1713 Hebraeum
1055 1667 1252 1713 nomine
1278 1667 1544 1715 Martialem

122 1742 163 1789 ei
208 1759 255 1789 se
296 1759 594 1806 egressurum
636 1743 783 1799 dixit,
827 1752 875 1789 et
915 1760 1105 1808 magnas
1148 1744 1350 1790 virtutes
1394 1745 1542 1790 saneti

123 1819 338 1884 praesulis
372 1829 514 1885 atque
546 1820 798 1884 dignitates
831 1820 954 1884 apud
983 1823 1133 1867 Deum
1167 1833 1368 1868 moestus
1391 1822 1546 1886 palam

125 1898 463 1963 promulgavit.
506 1897 720 1944 Tandem
757 1908 974 1945 matrona
1014 1897 1183 1944 urbem
1222 1898 1543 1964 ingrediente,

124 1976 333 2024 seniores
380 1975 543 2040 populi
582 1973 771 2021 obx-iam
811 1976 850 2021 ei
891 1985 1250 2039 processerunt,
1298 1986 1344 2023 et
1386 1979 1545 2024 omnia

127 2071 235 2118 quae
273 2072 297 2099 a
333 2053 449 2099 Jove
485 2051 733 2099 audierant
782 2063 1111 2099 narraverunt.
1161 2053 1298 2100 Tune
1338 2055 1547 2118 primum

127 2132 406 2198 pontificem
444 2131 682 2178 idolorum
717 2130 773 2178 ad
805 2150 851 2177 se
887 2132 1121 2178 comitissa
1162 2133 1373 2190 vocavit,
1412 2134 1548 2199 eique

128 2211 357 2276 praecepit
391 2220 445 2256 ut
471 2228 556 2274 per
586 2210 745 2257 omnia
782 2209 955 2274 templa
991 2218 1240 2274 pergeret,
1270 2220 1316 2257 et
1349 2222 1546 2276 excepto

130 2288 309 2352 templo
329 2287 414 2333 Dei
436 2287 613 2351 ignoti,
636 2286 909 2333 minutatim
931 2304 979 2332 ea
999 2285 1340 2352 confringeret.
1369 2288 1550 2337 Deinde

130 2383 237 2412 cum
262 2365 399 2412 sociis
425 2363 691 2411 christianis
717 2364 799 2411 Dei
833 2364 1134 2411 clementiam
1159 2367 1398 2424 exoravit,
1427 2377 1472 2414 et
1499 2365 1548 2415 in

131 2446 228 2508 ejus
247 2445 443 2492 nomine
467 2443 521 2489 ad
548 2443 722 2490 lectum
746 2444 902 2489 mariti
928 2444 1170 2508 pervenit,
1198 2461 1250 2491 ac
1275 2462 1415 2510 super
1440 2464 1548 2494 eum

132 2521 257 2570 beati
292 2522 533 2587 pontificis
568 2520 792 2568 baculum
834 2521 1077 2586 imposuit.
1120 2521 1273 2569 Porro
1313 2522 1545 2580 membra,

133 2618 241 2666 quae
273 2601 602 2649 contractione
626 2616 885 2647 nervorum
912 2616 964 2646 ac
992 2599 1159 2647 vitiosa
1186 2599 1395 2647 febrium
1420 2618 1548 2648 com—

136 2677 301 2742 pagine
339 2678 523 2726 fucrant
566 2677 795 2731 sauciata,
841 2676 1080 2740 extemplo
1116 2677 1385 2724 efficiuntur
1423 2695 1475 2723 ae
1513 2680 1547 2724 si
