1738 3043
636 259 790 298 LIBER
820 260 1027 298 PRIMUS.
1472 265 1547 301 129

183 342 349 388 Zenon
387 341 524 386 annis
566 354 683 384 xvu.
724 337 910 402 Corpus
951 336 1181 385 Barnabae
1217 339 1458 404 apostoli,
1498 353 1538 386 ct

118 418 416 483 evangelium
448 415 661 464 Matthaei
697 417 794 480 ejus
825 416 936 463 stilo
974 417 1237 481 scriptum,
1273 418 1374 481 ipso
1410 436 1546 466 reve-

120 497 272 554 lante,
312 496 568 560 reperitur.
596 494 842 551 Odoacer,
880 512 962 542 rex
999 494 1303 554 Gothorum,
1344 499 1547 545 Romam

121 573 368 629 obtinuit,
404 589 548 637 quam
573 589 629 618 ex
662 589 718 619 eo
753 581 969 636 tempore
999 571 1178 619 diutius
1212 591 1381 621 corum
1416 593 1547 640 reges

121 663 335 699 tenuere.

186 730 384 777 Mortuo
402 728 707 776 Theodorico
727 729 902 775 Triarii
923 729 1024 778 filio
1039 766 1052 787 ‚
1081 731 1198 776 alius
1222 731 1551 779 Theodericus

121 817 446 874 cognomento
489 807 710 855 Valamer
757 806 1033 855 Gothorum
1074 810 1282 874 suscepit
1315 828 1550 875 regnum;

120 887 202 952 qui
246 896 500 951 utramque
539 885 867 933 Macedoniam
913 886 1299 953 Thessaliamque
1336 889 1555 954 depopu-

120 965 242 1012 latus
268 975 368 1024 est,
395 974 443 1011 et
462 963 668 1029 plurima
695 965 837 1029 regiae
862 965 1065 1012 civitatis
1094 966 1195 1014 loca
1224 967 1333 1031 igne
1359 985 1558 1015 succen-

120 1042 254 1100 dens,
276 1041 461 1088 ltaliam
476 1058 670 1107 quoque
687 1041 886 1089 infestus
902 1044 1167 1107 occupavit.
1186 1045 1455 1091 Hunericus
1474 1062 1558 1092 rex

120 1119 449 1168 Vandalorum
483 1119 741 1178 Arrianus,
781 1121 829 1166 in
859 1120 1022 1168 Africa
1059 1121 1256 1168 exulatis
1289 1121 1559 1188 diffugatis-

120 1216 214 1265 que
238 1198 344 1263 plus
363 1215 507 1263 quam
529 1214 768 1244 cccxxxw
788 1199 1021 1263 episcopis
1047 1197 1319 1256 catholicis,
1343 1200 1558 1248 ecclesias

121 1293 292 1324 eorum
326 1276 522 1331 clausit,
555 1276 791 1341 variisque
816 1275 1008 1340 plebem
1033 1276 1277 1341 suppliciis
1302 1278 1483 1339 affecit3
1512 1289 1562 1326 et

121 1355 316 1421 quidem
334 1355 600 1401 innumeris
617 1372 785 1401 manus
800 1353 1100 1412 abscindens,
1118 1355 1302 1421 linguas
1317 1356 1556 1420 praecidit,

120 1451 209 1482 nec
229 1443 388 1480 tamen
407 1431 648 1498 loquelam
670 1431 917 1479 catholicae
934 1431 1247 1480 confessionis
1266 1434 1451 1498 eripere
1466 1451 1560 1498 po-

121 1513 233 1559 tuit.
249 1512 485 1571 Britones‚
503 1510 623 1558 duce
633 1509 893 1559 Ambrosio
904 1511 1183 1568 Aureliano,
1197 1513 1304 1559 viro
1317 1512 1554 1570 modesto,

120 1592 205 1658 qui
231 1591 358 1639 solus
389 1589 518 1638 forte
542 1607 755 1637 romanae
789 1590 943 1655 gentis
974 1590 1219 1637 Saxonum
1243 1590 1359 1638 caedi
1393 1609 1554 1657 super-

118 1671 299 1728 fuerat,
325 1670 492 1719 occisis
518 1670 567 1716 in
605 1667 767 1717 eadem
798 1668 1080 1734 parentibus
1104 1688 1317 1735 purpura
1350 1671 1554 1730 indutis,

119 1750 367 1797 victricem
408 1765 579 1796 eorum
627 1758 821 1813 gentem
868 1758 1184 1813 provocantes
1229 1749 1285 1796 ad
1330 1750 1553 1814 praelium

119 1828 346 1884 vincunt3
374 1838 422 1875 et
444 1845 500 1874 ex
532 1844 589 1874 eo
622 1836 838 1892 tempore
871 1845 1002 1874 nunc
1034 1826 1114 1885 hi,
1151 1845 1283 1875 nunc
1317 1828 1418 1886 illi,
1446 1830 1554 1893 pal—

119 1925 247 1954 mam
269 1905 506 1963 habuere,
542 1905 695 1952 donec
720 1905 897 1953 advena
926 1907 1177 1970 potentior
1211 1917 1308 1953 tota
1335 1925 1420 1970 per
1443 1907 1553 1955 lon-

119 2003 233 2052 gum
260 1984 502 2048 potiretur
531 1983 682 2029 insula
707 1983 800 2045 (1).

116 2182 245 2233 (457),
270 2182 360 2217 mais
382 2181 555 2229 jusqu'en
577 2184 657 2228 429.
682 2181 892 2224 Victorius,
923 2184 941 2215 a
967 2181 1000 2215 la
1025 2181 1206 2217 demando
1234 2182 1430 2222 d'llilaire,
1453 2183 1546 2219 alors

116 2242 363 2286 archidiacre,
390 2249 427 2276 et
454 2241 585 2289 depuis
606 2253 816 2276 successeur
839 2241 885 2275 (lc
911 2242 1005 2275 saint
1032 2242 1127 2275 [ι’-οη
1142 2270 1150 2283 ,
1174 2255 1285 2289 pape,
1307 2255 1476 2290 composa
1500 2256 1547 2278 en

119 2302 185 2351 457
207 2315 271 2338 son
289 2301 417 2337 Canon
436 2299 553 2348 pascal
569 2299 614 2335 de
628 2301 712 2348 cinq
729 2307 813 2335 cent
831 2299 1070 2335 trente-deux
1088 2313 1165 2334 ans.

164 2364 215 2410 (1)
238 2363 406 2409 (Ferrier
425 2364 535 2409 4749
561 2361 649 2395 avril
676 2362 776 2409 491).
800 2361 846 2395 La
875 2360 1094 2395 decouvcrtc
1122 2360 1172 2395 du
1199 2361 1368 2396 toinbeau
1387 2362 1432 2397 de
1451 2363 1545 2398 saint

116 2423 279 2459 Barnabe
300 2429 363 2458 eut
383 2422 455 2456 lieu
475 2432 554 2455 vers
574 2420 659 2464 488,
682 2433 751 2455 aux
768 2421 939 2455 environs
959 2420 1004 2454 (le
1022 2420 1217 2455 Salamine.
1238 2422 1307 2455 (jes
1327 2429 1422 2456 mots
1440 2438 1445 2455 z
1465 2423 1545 2468 ejus

117 2484 200 2517 stilo
227 2483 423 2528 scriptum,
453 2479 641 2525 signifient
669 2491 740 2526 que
768 2478 957 2525 l'evangilc
987 2477 1032 2512 (lc
1063 2479 1158 2513 saint
1185 2478 1350 2512 Mathivu
1380 2479 1490 2526 qu'on
1522 2494 1537 2524 μ

119 2550 245 2578 trouva
263 2542 351 2577 etait
370 2541 474 2588 copie
497 2539 542 2574 dc
565 2539 597 2573 la
620 2541 719 2574 main
746 2539 791 2573 (lc
812 2540 907 2573 saint
926 2539 1103 2573 Barnabm
1126 2539 1187 2574 On
1209 2540 1330 2585 ajoutc
1348 2540 1437 2587 qu'il
1457 2541 1541 2575 etait

119 2604 209 2639 ecrit
226 2616 289 2638 sur
307 2603 357 2638 du
375 2602 454 2637 bois
473 2601 518 2635 ‹le
537 2601 635 2648 thy-e.
656 2600 891 2647 L’cmpercur
910 2600 1038 2634 'Lenon
1059 2599 1243 2634 l'enrichit
1262 2599 1353 2642 (ror,
1375 2607 1411 2634 ct
1430 2600 1462 2633 le
1481 2600 1547 2634 ‹lc-

120 2676 206 2710 posa
228 2663 317 2699 dans
343 2663 374 2698 la
397 2661 562 2709 chapelle
585 2661 630 2696 (lc
650 2673 713 2695 son
738 2660 871 2707 palai5‚
901 2661 948 2693 ou
969 2659 1041 2693 l'on
1061 2672 1108 2695 cn
1127 2660 1243 2695 saisait
1264 2673 1373 2706 usage
1395 2668 1476 2695 tous
1495 2661 1545 2694 les

123 2734 204 2766 ans»,
225 2723 258 2757 le
275 2722 528 2764 ,leudi-Salat,
552 2733 647 2768 pour
670 2720 702 2754 la
722 2720 859 2754 lecture
878 2718 927 2753 (lu
950 2726 1044 2754 texte
1068 2723 1179 2754 sacre.
1203 2719 1392 2761 odoacre,
1418 2719 1546 2753 {nain-‹-

124 2781 169 2816 ‹le
187 2781 321 2825 Rome,
342 2795 378 2817 si·
405 2782 442 2816 lit
466 2781 668 2829 proclames
690 2781 741 2815 roi
769 2779 910 2814 d'ltalioe·
938 2779 970 2814 lc
994 2779 1038 2814 ‘23
1062 2780 1145 2815 aout
1168 2780 1248 2829 476.
1270 2779 1480 2814 leodoric
1507 2780 1545 2813 l·‘

226 2859 255 2886 1·
1321 2857 1351 2900 <J
