1738 3043
200 273 249 308 98
568 267 812 304 IUSTORIA
844 266 1247 306 ECCLESIASTRJA.

204 352 386 398 Florus.
415 349 559 411 Cujus
582 346 821 392 luxuriam
841 357 887 393 et
906 347 1150 392 avaritiam
1166 383 1178 403 ,
1203 357 1469 414 caeteraque
1488 350 1625 415 flagi-

203 430 261 474 tia
282 426 431 473 ,ludaei
456 423 658 471 tolerare
681 424 1028 488 nequiverunt;
1053 425 1178 471 unde
1197 436 1366 472 contra
1383 428 1625 476 Romanos

200 503 569 550 rebellaverunt.
610 499 872 547 Adversum
905 518 1025 565 quos
1062 500 1373 565 Vespasianus
1403 505 1626 570 magister

202 581 384 628 militiae
421 578 747 633 transmissus,
781 578 1044 642 [plurimas
1087 577 1227 625 urbes
1265 579 1442 628 Judaeae
1474 583 1618 647 capit.

202 662 383 707 Primus
407 659 535 706 Nero
561 675 701 721 super
727 657 886 704 omnia
912 657 1082 704 scelera
1109 675 1188 703 sua
1211 658 1377 723 etiam]
1399 659 1624 707 Christia-

201 757 286 786 nos
335 735 653 801 persequitur,
699 752 908 799 quorum
955 734 1151 781 eximios
1194 735 1384 792 Romae,
1427 736 1624 784 Petrum

200 834 357 873 eruce,
379 825 426 862 et
444 813 642 860 Paulum
656 812 832 860 occidit
849 811 1022 877 gladio.
1045 813 1132 859 llic
1153 813 1200 859 in
1223 831 1272 860 re
1289 813 1482 860 militari
1501 813 1624 862 nihil

198 896 399 943 omnino
425 911 585 948 ausus,
613 891 911 937 Britanniam
934 908 1053 956 pene
1075 891 1248 937 amisit.
1276 891 1398 938 Nam
1421 892 1517 939 duo
1536 890 1625 939 sub

199 991 255 1021 eo
275 971 567 1019 nobilissima
588 968 761 1033 oppida
779 968 874 1014 illic
895 979 1046 1032 capta,
1069 978 1209 1033 atque
1226 986 1382 1016 eversa
1399 969 1620 1033 sunt(1).

264 1049 575 1113 Vespasianus
592 1063 743 1092 annos
766 1063 814 1091 ix
835 1063 1017 1092 menses
1037 1061 1085 1091 xl
1104 1044 1202 1092 dics
1223 1062 1347 1092 xxn.
1371 1046 1459 1092 Hic
1477 1046 1626 1110 [apud

199 1127 412 1173 Judaeam
442 1125 700 1187 imperator
727 1120 786 1167 ab
820 1122 1031 1169 exercitu
1057 1121 1340 1186 appellatur,
1371 1132 1418 1168 et
1443 1120 1628 1170 bellum

201 1207 319 1253 Tito
339 1204 439 1251 filio
458 1201 796 1251 commendans
808 1237 820 1258 ,
842 1201 1044 1248 Romam
1061 1218 1147 1265 per
1162 1199 1501 1248 Alexandriam
1516 1217 1627 1266 pro-

200 1283 478 1346 ficiscitur],
505 1291 551 1327 et
579 1289 829 1344 perempto
848 1277 1046 1326 Vitellio
1074 1295 1278 1343 regnum
1310 1278 1622 1326 nanciscitur.

203 1362 295 1422 Qui
317 1358 524 1407 secundo
539 1374 668 1404 anno
682 1356 860 1404 Judaeae
874 1374 1076 1421 regnum
1091 1354 1328 1403 subvertit
1339 1392 1352 1414 ‚
1372 1356 1626 1421 templum-

203 1457 296 1505 que
319 1437 421 1485 solo
448 1436 615 1482 stravit
649 1445 754 1499 post
781 1451 931 1481 annos
970 1434 1140 1498 primae
1177 1433 1504 1481 aedificationis
1529 1435 1628 1497 ejus

207 1532 426 1564 MLxxxw
450 1514 542 1578 (2).
565 1514 667 1560 Hoc
688 1529 801 1559 vero
834 1511 1013 1559 bellum
1038 1522 1422 1559 consummatum
1447 1522 1516 1560 est
1538 1531 1629 1560 an—

204 1596 277 1642 nis
301 1611 367 1650 iv,
393 1591 578 1639 duobus
598 1591 790 1656 quidem
807 1590 999 1638 Nerone
1021 1591 1225 1647 vivente,
1249 1602 1296 1638 et
1320 1590 1507 1639 duobus
1525 1591 1628 1639 aliis

203 1682 382 1737 postea.
407 1669 716 1733 Vespasianus
755 1669 879 1713 inter
908 1667 993 1713 alia
1024 1685 1308 1732 magnorum
1349 1685 1550 1733 operum
1577 1669 1627 1715 in

202 1749 384 1813 privata
404 1744 556 1792 adhuc
579 1744 673 1790 vita
691 1779 704 1802 ,
727 1744 774 1790 in
796 1743 1129 1802 Germaniam,
1152 1762 1204 1791 ac
1235 1744 1405 1792 deinde
1436 1745 1485 1791 in
1519 1744 1629 1809 Bsi—

208 1906 346 1953 pi-inier
364 1911 468 1939 entre
492 1903 555 1938 des
578 1904 761 1948 crochets,
786 1916 878 1951 pour
901 1903 1074 1951 indiquer
1097 1910 1191 1939 cette
1208 1904 1374 1951 origine,
1399 1911 1437 1939 et
1458 1915 1553 1939 nous
1575 1904 1629 1939 fc-

209 1977 293 2001 rons
309 1965 354 1999 de
374 1963 492 1999 meme
512 1976 606 2011 pour
623 1970 705 1998 tous
725 1963 775 1998 les
794 1976 960 2011 passages
978 1971 1181 2011 provenant
1198 1964 1243 1999 de
1262 1964 1296 1999 la
1315 1965 1434 2000 meme
1453 1976 1594 2000 source.

254 2027 303 2072 (1)
331 2022 397 2070 (15
420 2023 569 2058 octobre
594 2023 685 2072 54-9
706 2024 790 2070 juin
803 2023 881 2070 68).
902 2024 1152 2071 L'expedition
1167 2024 1213 2060 de
1227 2024 1430 2073 Vespasien
1446 2037 1493 2060 en
1513 2024 1631 2061 Judee

207 2086 287 2121 doit
304 2085 381 2120 etre
400 2085 593 2131 rapportee
611 2086 631 2118 a
644 2083 783 2119 l'annce
800 2083 857 2133 67.
877 2085 1004 2120 Festus
1018 2084 1112 2119 avait
1129 2085 1311 2132 remplace
1330 2085 1492 2121 Felix'en
1509 2084 1555 2120 60
1566 2112 1576 2130 ,
1593 2091 1632 2121 et

209 2159 273 2195 par
289 2147 515 2193 consequent
533 2157 607 2179 non
625 2158 688 2192 pas
706 2144 795 2179 dans
814 2145 846 2179 la
865 2144 1076 2188 dmxiime,
1099 2145 1188 2180 mais
1201 2145 1290 2180 dans
1303 2145 1335 2180 la
1349 2145 1498 2180 sixiieme
1514 2147 1631 2180 annee

208 2208 258 2242 du
275 2208 386 2253 i·‹‘·gne
405 2206 450 2240 de
468 2206 606 2240 Neron.
625 2206 672 2240 Le
690 2212 851 2251 martyre
869 2204 914 2239 de
927 2205 1021 2239 saint
1040 2205 1165 2240 Pierre
1184 2212 1221 2240 et
1234 2205 1279 2240 de
1298 2205 1393 2240 saint
1410 2205 1500 2240 Paul
1514 2205 1632 2253 parait

207 2267 285 2301 &tre
305 2265 353 2300 du
373 2276 418 2311 29
432 2265 514 2310 juin
531 2264 589 2299 66.
611 2265 725 2299 Notre
741 2271 873 2299 auteur
889 2270 973 2297 veut
988 2263 1108 2310 parler
1127 2266 1146 2298 a
1164 2263 1195 2298 la
1216 2264 1264 2298 fin
1283 2263 1329 2299 de
1343 2276 1384 2299 ce
1402 2265 1633 2312 paragraphe

209 2325 255 2360 de
273 2325 305 2359 la
325 2323 459 2358 revolte
477 2323 522 2357 dc
539 2323 570 2357 la
590 2324 690 2358 reine
707 2322 882 2357 Boadicee
895 2349 904 2365 ,
927 2323 990 2369 qui
1008 2329 1071 2357 eut
1090 2322 1164 2357 lien
1188 2335 1234 2358 en
1252 2322 1310 2358 61.
1336 2323 1632 2359 Camulodunum

210 2384 470 2430 (Coleliester)‚
492 2382 653 2417 Londres
672 2389 709 2417 et
724 2382 899 2418 vei-ulam
918 2382 1043 2417 surent
1061 2383 1135 2429 pris
1153 2382 1331 2427 d’assaut‚
1354 2389 1392 2418 et
1409 2382 1507 2418 leurs
1523 2383 1631 2420 habi-

212 2452 308 2480 tants
326 2444 491 2491 egoi-ges.

258 2507 309 2548 (Ἰ)
339 2505 401 2550 (¹7
424 2501 547 2548 juillet
574 2501 686 2548 69-24
711 2502 795 2548 juin
815 2506 895 2551 79).
918 2504 967 2538 La
987 2502 1215 2538 destruction
1233 2501 1284 2537 dn
1307 2501 1442 2549 temple
1460 2501 1506 2537 de
1520 2502 1630 2537 Jeru-

210 2564 320 2599 salem
340 2575 404 2610 par
422 2561 454 2596 le
474 2562 531 2596 sen
551 2562 666 2595 arriva
686 2561 717 2596 le
733 2562 870 2597 ioaout
883 2575 940 2612 70,
953 2569 989 2598 et
1007 2576 1073 2610 par
1091 2564 1316 2610 consequent
1335 2561 1434 2596 mille
1453 2561 1633 2597 soixante-

212 2625 327 2660 douze
345 2635 408 2657 ans
427 2623 530 2669 apres
548 2634 583 2655 sa
608 2623 790 2668 premiere
808 2624 1071 2658 construction.
1091 2622 1178 2657 L’ile
1203 2621 1295 2657 dont
1316 2621 1342 2656 il
1369 2627 1423 2656 est
1440 2619 1540 2668 parte
1561 2622 1580 2656 a
1598 2620 1632 2656 la

214 2685 260 2719 sin
281 2684 326 2718 de
341 2695 381 2717 ce
400 2681 626 2729 paragraphe
639 2688 691 2715 est
714 2682 802 2717 celle
818 2682 863 2718 de
879 2684 1028 2731 Wight.
1050 2684 1097 2718 Le
1113 2681 1249 2717 colosse
1263 2683 1412 2716 execute
1427 2693 1494 2729 par
1510 2681 1632 2717 zeno-

214 2744 302 2778 ‹lm-e
322 2742 378 2778 fut
402 2742 503 2788 erige
528 2753 573 2775 en
594 2740 648 2790 75.
670 2740 698 2774 Il
719 2740 858 2786 demit,
879 2741 969 2776 (lans
998 2741 1184 2788 l'origine,
1216 2741 1446 2787 representet·
1480 2739 1628 2781 Neron;

216 2804 304 2836 mai<
320 2814 366 2835 on
386 2799 563 2847 remplaca
583 2812 618 2834 sa
639 2800 710 2833 rete
731 2813 795 2846 par
813 2800 901 2835 celle
921 2801 969 2834 du
990 2800 1102 2834 solvil.
