1738 3043
633 204 790 245 LIBER
817 204 1101 245 SECUNDUS.
1507 207 1581 246 451

155 298 231 336 tus
247 296 336 335 est.
363 285 663 335 Desiderium
679 302 794 334 vero
817 302 977 352 regem
995 294 1188 350 captum
1207 302 1316 332 cum
1335 301 1486 335 uxore
1505 305 1587 336 sua

153 364 404 413 Franciam
421 363 580 421 misit,
599 372 648 411 et
668 362 809 411 beato
827 363 971 411 Petro
989 380 1098 428 quae
1115 361 1204 409 sibi
1224 361 1378 410 ablata
1396 362 1589 413 fuerant

156 444 387 493 restituit.
417 441 655 490 Adrianus
677 458 796 507 papa
820 441 1035 490 ecclesias
1061 451 1109 489 et
1138 451 1338 488 ornatus
1365 451 1412 490 et
1440 443 1590 491 multa

158 523 280 570 mira
304 522 443 580 fecit,
472 531 521 571 et
549 521 925 570 Constantinum
955 520 1224 586 Augustum
1256 538 1371 568 cch
1405 523 1592 588 episco-

158 618 246 667 pos
264 600 313 648 in
330 599 487 648 Nicaea
502 615 792 664 congregare
808 598 903 645 suis
922 598 1146 663 precibus
1164 599 1424 664 compulit,
1446 618 1591 666 quam

159 678 401 746 synodum
428 678 486 726 de
517 693 676 743 graeco
702 676 751 723 in
783 676 990 723 latinum
1020 675 1268 724 transferri
1292 676 1423 725 fecit.
1452 679 1593 730 Tunc

161 769 243 806 xx⁰
268 775 398 806 anno
428 756 638 822 ejusdem
674 765 871 821 papatus
902 753 1092 802 Tiberis
1123 754 1296 802 fluvius
1322 756 1379 802 ad
1402 767 1594 821 portam

162 837 324 884 Sancti
350 836 478 884 Petri
498 835 631 884 venit
649 844 698 882 et
721 834 873 882 multa
892 834 1062 881 damna
1087 833 1270 881 civibus
1295 835 1477 882 intulit.
1505 836 1598 884 Sed

164 931 283 980 papa
317 913 512 962 letanias
546 912 781 969 instituit,
811 922 859 959 et
895 911 1118 959 misertus
1150 911 1390 959 Dominus
1424 930 1596 978 aquam

161 991 360 1039 amovit.
397 991 487 1038 Hic
517 990 764 1055 episcopos
797 1005 983 1036 chxxv
1013 988 1281 1047 ordinavit,
1314 1000 1362 1036 et
1384 996 1475 1037 vn⁰
1502 991 1595 1038 kal.

157 1069 365 1135 januarii
388 1068 446 1116 ad
468 1067 664 1117 beatum
689 1069 886 1116 Petrum
906 1067 1119 1132 sepultus
1138 1078 1232 1125 est,
1260 1078 1308 1116 et
1330 1069 1497 1117 eodem
1522 1070 1599 1117 die

165 1150 263 1196 Leo
286 1165 404 1214 papa
429 1147 471 1196 ei
496 1146 781 1213 subrogatus
801 1156 872 1195 est
891 1147 912 1211 <
923 1146 986 1210 1).

231 1227 330 1274 Leo
365 1226 632 1282 Romanus,
672 1242 730 1272 ex
766 1234 901 1290 patre
926 1223 1191 1289 Aizuppio,
1225 1223 1345 1272 sedit
1367 1225 1504 1271 annis
1538 1242 1599 1272 xx

164 1303 410 1352 mensibus
427 1320 458 1351 v
481 1302 648 1352 diebus
676 1320 757 1351 Χνι
772 1339 786 1361 ,
808 1301 1237 1368 praedecessoribus
1254 1303 1348 1349 suis
1373 1303 1421 1350 in
1441 1305 1600 1351 omni-

165 1381 255 1430 bus
285 1382 473 1430 similis.
503 1382 592 1429 Hic
621 1381 738 1429 dum
762 1380 886 1430 bene
915 1399 1025 1447 quae
1052 1380 1180 1429 bona
1205 1392 1318 1428 sunt
1342 1394 1524 1448 ageret,
1552 1395 1601 1432 et

167 1459 373 1526 quadam
394 1460 470 1508 die
499 1460 550 1507 in
573 1459 760 1508 letaniis
791 1460 849 1506 ad
877 1458 1073 1507 beatum
1100 1460 1298 1507 Petrum
1330 1461 1601 1525 apostolum

168 1556 278 1586 cum
312 1537 496 1603 populo
519 1547 738 1603 pergeret
755 1573 768 1595 ‚
797 1536 1029 1584 Paschalis
1053 1537 1355 1602 primicerius
1387 1549 1434 1586 et
1456 1539 1603 1586 Cam-

167 1616 307 1682 polus
339 1616 607 1664 sacellarius
637 1633 747 1663 cum
776 1615 969 1662 armatis
999 1614 1281 1662 satellitibus
1309 1615 1404 1662 suis
1434 1615 1491 1664 de
1526 1617 1603 1664 in·-

168 1695 298 1743 sidiis
333 1695 672 1759 prosilierunt,
706 1693 1038 1758 populumque
1070 1693 1305 1741 inermem
1329 1696 1502 1743 timore
1527 1714 1601 1743 ar-

217 1895 269 1941 (1)
295 1894 338 1942 (9
360 1893 492 1928 sevricr
511 1890 647 1941 772-25
667 1891 861 1926 decembre
886 1889 984 1939 795.)
1003 1891 1105 1926 Nous
1123 1903 1232 1926 avons
1251 1891 1404 1940 indique
1422 1893 1604 1930 ci-dessus

171 1956 221 1991 οὺ
240 1967 276 1990 se
302 1953 462 1989 trouvait
485 1953 517 1987 la
544 1951 672 1999 region
696 1952 767 1986 Via
786 1952 900 1994 Lata,
921 1950 953 1985 la
973 1951 1148 1998 septicme
1173 1950 1219 1987 de
1241 1950 1274 1986 la
1298 1952 1603 2001 circonscription

171 2016 390 2063 d'Auguste.
412 2012 542 2048 Didier
557 2013 733 2059 s'empara
751 2011 796 2046 dc
815 2011 985 2046 navenne
999 2010 1062 2045 des
1082 2022 1148 2059 77²
1161 2039 1170 2054 ,
1188 2018 1223 2046 et
1243 2012 1393 2047 marcha
1407 2025 1469 2048 sur
1487 2014 1604 2051 Rome

172 2076 314 2111 l'annc'e
332 2074 509 2109 suivante.
532 2073 579 2107 Le
596 2072 694 2118 siege
713 2071 758 2106 de
777 2071 883 2106 Pax-ic
902 2070 993 2105 dura
1014 2071 1068 2105 six
1086 2071 1198 2114 mois,
1220 2084 1362 2106 comme
1380 2072 1481 2108 ledit
1498 2081 1606 2110 notre

174 2141 320 2178 auteur,
339 2132 503 2181 pendant
521 2131 650 2167 l⁷biver
663 2137 700 2165 ct
719 2130 752 2165 le
771 2131 977 2178 printemps
995 2129 1041 2165 dc
1055 2133 1122 2180 774
1136 2158 1144 2173 ‚
1162 2137 1200 2166 et
1216 2130 1486 2179 Cliarlemagne
1499 2141 1603 2169 cntra

173 2197 195 2231 ὲ
212 2195 330 2230 Rome
350 2193 382 2229 le
401 2191 537 2228 samedi
559 2191 666 2226 saint.
687 2190 816 2226 Didicr
834 2190 891 2225 sut
908 2192 1046 2236 cnvoye'
1066 2189 1155 2224 dans
1171 2190 1203 2225 le
1222 2193 1428 2226 monasti-rc
1448 2192 1493 2228 ‹le
1509 2194 1604 2229 Cor—

173 2253 256 2297 bie,
277 2253 327 2288 ou
352 2251 377 2287 il
405 2251 486 2286 finit
509 2262 564 2285 ses
582 2250 700 2296 joui-s.
722 2249 957 2296 L'empereur
979 2249 1101 2284 donna
1127 2250 1146 2283 a
1166 2241 1312 2296 l'Eglise
1337 2252 1502 2286 romainc
1521 2252 1606 2288 bien

173 2314 257 2363 plus
270 2313 317 2348 de
332 2311 521 2347 domnines
541 2323 613 2358 que
632 2310 684 2345 les
702 2310 777 2345 rois
795 2308 980 2344 lombards
998 2321 1044 2344 ne
1062 2308 1113 2343 lui
1135 2309 1277 2344 avaient
1293 2309 1430 2345 enlm-«².
1455 2312 1502 2346 Le
1520 2324 1607 2347 con-

174 2373 244 2410 cile
262 2370 467 2407 s’assembla
485 2369 636 2405 d'abord
651 2371 670 2404 a
690 2368 994 2417 Constantinople
1013 2368 1046 2404 lc
1072 2375 1118 2403 ιΠ
1135 2368 1223 2403 amit
1240 2369 1328 2418 786,
1351 2371 1432 2417 puis
1449 2370 1472 2405 il
1491 2372 1607 2419 reprit

176 2445 232 2470 ses
259 2440 409 2470 travaux
437 2433 456 2466 a
486 2431 597 2466 Nicce
629 2429 660 2464 lc
686 2432 730 2472 24
754 2429 962 2477 septembre
985 2428 1032 2463 de
1058 2428 1198 2463 l'annce
1226 2428 1409 2473 suintune,
1433 2430 1605 2478 jusqu'au

178 2491 225 2529 ⁴23
252 2492 416 2529 octobre.
448 2491 495 2526 La
523 2489 665 2525 version
688 2501 760 2536 que
788 2490 820 2523 le
846 2501 936 2535 pape
963 2488 1002 2522 sit
1030 2488 1122 2523 faire
1139 2487 1185 2522 de
1210 2499 1264 2522 ses
1292 2495 1387 2523 actes
1411 2490 1501 2524 erait
1530 2497 1606 2525 mot

177 2554 198 2588 a
216 2558 295 2587 mot
319 2557 357 2587 et
383 2551 458 2586 tres
483 2561 554 2597 peu
579 2547 808 2594 intelligible.
833 2546 1089 2582 L'inondation
1109 2545 1201 2581 dont
1225 2554 1331 2581 notre
1357 2554 1488 2582 auteur
1508 2548 1609 2595 pai-le

178 2611 224 2646 ici
249 2618 313 2647 eut
329 2611 403 2647 lieu
428 2622 475 2645 au
498 2610 591 2644 mois
610 2608 656 2643 de
679 2608 874 2643 decembre
898 2619 978 2656 79¹·
1004 2607 1108 2641 L'eau
1129 2608 1264 2642 entrait
1290 2607 1379 2642 ‹lans
1406 2608 1522 2643 llomc
1542 2622 1607 2656 par

176 2669 212 2705 la
228 2676 334 2717 porte
346 2670 601 2706 Flaminienne
614 2697 623 2712 ‚
643 2666 880 2714 aujourd’hni
900 2667 1014 2701 Porta
1032 2665 1096 2700 dcl
1114 2665 1270 2712 Popolo,
1292 2666 1423 2714 qu'elle
1440 2679 1606 2703 renversa

181 2729 227 2766 de
245 2729 335 2766 fond
350 2742 396 2766 cn
417 2729 577 2773 comble,
597 2728 800 2764 aussi-bien
817 2739 891 2775 que
908 2725 942 2762 lc
962 2732 1053 2773 pont
1071 2724 1266 2761 Sublicius.
