1738 3043
170 208 249 249 420
538 207 778 246 msTotzlA
809 206 1209 246 ECCLESIASTlCA.

170 289 444 336 Gothorum
458 323 469 343 ‚
492 288 571 352 qui
594 287 803 352 reginam
822 287 1191 333 Amalasuintam
1211 285 1492 335 Theoderici
1511 289 1583 352 (ι)

170 366 290 430 regis
310 364 454 410 liliam
476 363 737 419 occiderat,
760 362 816 409 ad
839 363 1158 409 Justinianum
1186 363 1450 428 Augustum
1465 364 1585 411 mis-

171 462 245 489 sus
280 453 375 498 est,
410 460 433 487 a
464 458 561 506 quo
597 441 1013 504 Constantinopoli
1051 440 1313 488 honorifice
1344 451 1585 505 susceptus

171 532 257 568 est.
294 520 363 567 lbi
396 519 706 566 Anthemium
741 518 943 582 ejusdem
978 517 1108 564 urbis
1141 519 1442 583 episcopum,
1479 519 1584 581 quia

169 599 282 644 (luas
301 608 492 644 naturas
517 598 563 643 in
592 595 781 644 Christo
800 596 1024 661 negabat,
1054 597 1101 642 in
1123 597 1317 644 exilium
1341 596 1522 661 expulit
1540 605 1587 644 et

171 675 457 723 catholicum
506 676 693 721 Menam
740 675 1014 738 episcopum
1053 675 1361 721 consecravit.
1409 673 1588 721 Deinde

171 751 585 815 Constantinopoli
621 761 667 797 x⁰
700 751 793 797 kal.
829 752 937 797 maii
966 750 1112 807 obiit,
1149 761 1193 797 et
1225 768 1396 815 corpus
1419 752 1515 814 ejus
1537 743 1588 797 iu

169 830 328 878 loculo
351 828 580 892 plumbeo
600 830 802 875 Romam
829 827 1108 873 translatum
1132 837 1226 884 est,
1250 845 1301 874 ac
1320 827 1376 873 ad
1395 827 1589 874 beatum

170 913 363 955 Petrum
382 915 470 953 Χιιο
495 906 586 951 kal.
610 904 823 952 octobris
843 905 1081 969 sepultum
1100 915 1195 962 est,
1219 916 1266 952 et
1284 906 1476 952 cessavit
1492 904 1590 970 epia

170 996 386 1050 scopatus
415 1000 578 1029 mense
604 1001 615 1028 1
637 981 801 1029 diebus
822 999 977 1028 xxvm
1002 982 1094 1045 (2).

236 1062 461 1108 Silverius
473 1060 756 1123 Campanus,
770 1057 1036 1105 H01·misdae
1053 1059 1257 1124 episcopi
1270 1060 1436 1106 Romae
1447 1059 1590 1120 filius,

172 1139 291 1187 sedit
315 1155 442 1185 anno
470 1156 480 1183 1
501 1136 740 1183 mensibus
760 1153 790 1181 v
811 1135 975 1183 diebus
998 1153 1064 1183 vi.
1094 1138 1180 1183 Hic
1198 1155 1221 1183 a
1246 1137 1492 1185 Theodato
1517 1147 1591 1203 ty-

171 1234 327 1265 ranno
346 1233 432 1280 per
461 1215 669 1279 pretium
693 1231 791 1260 non
818 1214 1054 1278 legitime,
1086 1214 1164 1262 sed
1190 1216 1234 1261 vi
1256 1225 1303 1262 et
1324 1226 1457 1263 metu
1472 1215 1594 1263 leva-

173 1307 248 1342 tus
279 1304 364 1341 est.
392 1293 504 1339 Post
539 1291 657 1338 duos
686 1307 801 1337 vero
832 1309 1013 1338 menses
1048 1291 1317 1339 TheOdatus
1352 1293 1436 1341 Dei
1471 1303 1595 1340 nutu

173 1371 410 1419 extinctus
435 1378 527 1425 est,
562 1377 608 1414 ct
634 1366 837 1432 Guitigis
866 1368 911 1412 vi
935 1367 1044 1413 tulit
1068 1367 1215 1415 filiam
1238 1369 1592 1428 Amalasuintae‚

173 1448 260 1494 sibi
289 1464 488 1494 uxorem
512 1444 714 1501 ducens,
742 1445 791 1490 in
816 1461 975 1508 regem
995 1444 1172 1492 levatus
1196 1457 1281 1494 est.
1303 1447 1597 1494 Justinianus

173 1526 411 1588 Augustus
441 1522 718 1569 Belisarium
741 1522 997 1584 patricium
1021 1532 1187 1569 contra
1219 1522 1403 1570 Gothos
1432 1524 1592 1581 misit,

173 1611 229 1647 ut
264 1600 445 1647 Italiam
485 1597 725 1644 liberaret.
764 1598 994 1643 Patricius
1032 1599 1189 1663 itaque
1223 1599 1470 1664 Neapolim
1505 1599 1594 1646 sibi

173 1681 474 1727 resistentem
501 1677 652 1741 cepit,
680 1687 727 1723 et
749 1693 915 1723 omnes
934 1675 1119 1724 Gothos
1147 1695 1198 1723 ac
1225 1679 1346 1726 cives
1368 1679 1591 1743 peremit;

177 1760 241 1805 ita
280 1768 333 1803 ut
365 1773 452 1803 nec
487 1755 535 1801 in
573 1753 778 1801 ecclesiis
812 1753 1073 1801 sacerdotes
1108 1755 1182 1802 vel
1219 1756 1596 1804 sanctimoniales

177 1835 492 1882 salvarentur.
526 1831 731 1896 Guitigis
755 1848 870 1879 vero
901 1833 1162 1879 exercitum
1192 1832 1466 1881 Gothorum
1500 1835 1597 1882 cito

177 1912 404 1977 colligens
417 1947 430 1969 ,
450 1927 549 1957 uno
565 1926 693 1956 anno
712 1910 915 1956 Romam
933 1908 1118 1956 obsedit
1133 1945 1145 1966 ,
1166 1921 1212 1957 et
1232 1909 1600 1958 innumerabiles

179 1989 335 2054 gladio
355 1988 428 2035 vel
451 1988 600 2043 fame,
627 2005 733 2052 quae
761 1998 877 2033 tunc
906 1988 1051 2034 nimia
1078 2006 1163 2052 per
1186 1998 1341 2036 totum
1364 1988 1598 2036 mundum

180 2078 307 2124 crat,
335 2066 537 2113 necavit.
573 2064 704 2111 Nulli
730 2063 901 2111 licebat
930 2065 1132 2112 Romam
1156 2065 1334 2113 intrare
1355 2065 1429 2113 vel
1450 2066 1593 2114 exire.

182 2147 321 2192 Tunc
344 2161 508 2191 omnes
530 2143 843 2208 possessiones
866 2143 1088 2207 privatae,
1114 2143 1186 2191 vel
1204 2143 1330 2202 fisci,
1352 2144 1425 2191 vel
1447 2144 1600 2191 Eccle-

183 2225 287 2282 siae,
320 2222 540 2269 incendio
565 2233 862 2286 consumptae
887 2233 1015 2268 sunt.
1052 2223 1280 2271 Homines
1303 2240 1417 2270 vero
1445 2222 1599 2288 gladio

183 2301 404 2348 trucidati
433 2311 572 2358 sunt,
600 2301 676 2346 alii
707 2310 866 2347 autem
891 2299 1014 2347 fame
1039 2300 1111 2347 vel
1137 2299 1309 2349 morbo
1336 2302 1595 2366 perierunt.

185 2378 399 2426 Tandem
423 2378 569 2442 gratia
594 2378 676 2424 Dei
705 2375 790 2441 per
822 2378 1099 2425 Belisarium
1131 2378 1314 2426 Gothos
1345 2378 1522 2443 fugavit
1554 2389 1601 2426 et

185 2458 387 2504 Romam
418 2455 645 2519 protexit.
681 2455 889 2519 Augusta
920 2466 1118 2521 rogante
1140 2456 1391 2503 Silverium
1416 2465 1470 2501 ut
1493 2454 1600 2502 An-

232 2649 283 2691 (ι)
309 2647 406 2680 Lisez
430 2661 434 2678 ε
464 2643 692 2678 Theodosia.

231 2707 282 2751 (ν)
306 2704 346 2747 (3
362 2705 440 2750 juin
461 2702 594 2737 535-22
617 2703 701 2737 avril
721 2701 818 2747 556.)
838 2705 892 2738 Αιι
913 2703 983 2738 lieu
1001 2702 1045 2737 de
1064 2702 1212 2745 Menas,
1237 2701 1318 2735 lisez
1335 2702 1504 2737 Mennas.
