1738 3043
193 206 243 244 ‘22
560 204 802 243 HISTORIA
831 203 1231 243 ECCLESIASTICA.

258 283 530 330 Asceudens
559 282 690 329 Jesus
715 283 764 329 in
799 283 1063 329 naviculam
1090 283 1411 330 transfretavit
1443 293 1491 330 et
1518 288 1603 330 Ca-

194 361 458 426 pharnaum
480 361 625 408 venit.
655 359 724 407 lbi
750 378 858 408 cum
884 372 1027 418 esset,
1053 361 1191 408 multi
1218 362 1275 408 ad
1299 379 1408 410 eum
1431 379 1607 412 conve·-

196 451 396 495 nerunt;
418 449 466 486 et
485 439 681 486 domum
703 439 976 504 implentes,
997 438 1196 486 verbum
1217 442 1314 504 ejus
1331 438 1603 488 audierunt.

197 518 334 563 Tunc
357 535 381 562 a
400 526 607 582 quatuor
623 517 735 564 viris
758 514 1044 582 paralyticus
1060 516 1239 564 delatus
1259 527 1353 575 est,
1376 528 1423 565 et
1440 517 1608 583 graba-

199 605 300 640 tum
330 594 378 640 iu
402 611 500 659 quo
515 593 701 659 jacebat
718 631 730 650 ,
758 594 937 642 nudato
961 605 1114 651 tecto,
1141 606 1250 642 ante
1275 595 1410 642 illum
1444 595 1611 644 demis-

197 689 301 718 sum
332 682 416 719 est.
451 674 603 720 Porro
634 672 839 720 clemens
873 673 1108 720 Dominus
1142 671 1283 720 fidem
1316 673 1611 736 portitorum

199 748 318 794 vidit
336 759 384 796 et
400 748 662 814 paralytico
683 760 868 814 peccata
890 749 1094 805 dimisit;
1117 749 1254 814 eique
1268 785 1282 806 ‚
1309 767 1614 797 murmuran-

202 825 326 872 tibus
355 825 548 883 scribis,
576 827 642 873 ait
669 847 678 872 ε
706 827 884 891 Surge,
908 827 1018 874 tolle
1039 828 1210 874 lectum
1235 839 1392 887 tuum,
1421 839 1465 875 et
1486 827 1616 875 vade

201 905 250 949 in
275 903 472 950 domum
496 915 645 951 tuam.
674 905 843 951 Statim
870 904 947 952 ille
971 906 1202 961 surrexit,
1225 914 1297 961 et,
1325 903 1512 952 sublato
1531 921 1617 952 co·-

202 999 304 1027 ram
327 970 551 1028 omnihus
571 980 768 1047 grabato
783 1018 797 1039 ,
826 975 875 1028 in
901 981 1098 1029 domum
1121 999 1252 1028 suam
1281 981 1399 1028 abiit
1423 982 1517 1046 (ι).

268 1060 381 1108 lude
410 1061 541 1107 Jesus
577 1062 810 1108 transiens
834 1060 1114 1107 Mattllaeum
1148 1061 1197 1107 in
1234 1060 1426 1108 teloneo
1457 1059 1618 1107 seden-

207 1148 301 1185 tem
327 1138 536 1194 vocavit,
573 1148 618 1185 et
649 1150 864 1185 secutum
899 1157 954 1186 ex
984 1137 1243 1202 publicano
1275 1138 1545 1202 apostolum
1575 1146 1623 1185 et

205 1216 540 1280 evangelistam
562 1214 836 1262 sublimavit
857 1217 952 1280 (2).
980 1215 1317 1264 Discumbente
1337 1216 1547 1264 Domino
1571 1216 1623 1263 in

207 1293 353 1341 domo
377 1295 511 1349 Levi,
534 1293 749 1357 pharisaei
772 1294 1161 1351 murmurabant;
1185 1295 1338 1359 eique,
1363 1293 1490 1360 quod
1514 1311 1625 1341 cum

210 1370 475 1435 publicanis
508 1382 553 1418 et
579 1370 906 1435 peccatoribus
941 1372 1276 1429 manducaret,
1304 1371 1620 1437 derogabant;

210 1448 286 1495 sed
310 1447 543 1513 benignus
559 1448 730 1495 doctor
749 1466 918 1512 pravos
937 1465 1104 1496 eorum
1124 1448 1376 1496 meditatus
1393 1448 1623 1506 attendit,

211 1527 472 1591 utilemque
510 1528 790 1574 sententiam
825 1527 1099 1590 p1·oferenS‚
1138 1528 1203 1574 ait
1233 1548 1242 1573 :
1271 1525 1391 1574 Non
1414 1538 1483 1574 est
1504 1539 1627 1593 'opus

213 1603 487 1650 valentibus
520 1604 760 1659 medicus,
795 1604 883 1650 Sed
908 1604 1032 1650 male
1053 1603 1352 1651 habentibus.
1380 1603 1496 1651 Non
1517 1603 1632 1651 veni

214 1699 391 1728 vocare
415 1685 593 1746 justos,
631 1682 720 1727 sed
741 1692 1039 1747 peccatores.
1067 1681 1300 1727 Dominus
1332 1681 1437 1729 ideo
1460 1697 1631 1745 pecca-

218 1770 379 1806 torum
402 1759 615 1805 convivia
641 1752 974 1823 frequentabat
989 1793 1002 1815 ,
1031 1769 1084 1804 ut
1109 1759 1384 1806 invitatores
1407 1775 1516 1804 suos
1538 1756 1632 1804 do·-

217 1838 367 1884 cendo
393 1838 639 1892 invitaret,
668 1846 713 1883 et
738 1835 1016 1883 transferret
1038 1835 1093 1882 ad
1121 1836 1331 1883 coelestes
1355 1835 1513 1900 epulas
1533 1834 1627 1898 (5).

284 1916 408 1961 Dum
445 1915 724 1979 loqueretur
756 1915 886 1960 Jesus
917 1931 1025 1960 cum
1058 1912 1551 1977 discipulis·Joannis‚
1585 1921 1633 1959 et

219 1992 530 2056 reprehensus
561 2001 680 2039 esset
714 2009 737 2037 a
771 1990 1011 2055 pharisaeis
1046 2009 1131 2038 cur
1158 1990 1376 2055 discipuli
1409 1991 1506 2054 ejus
1528 2025 1542 2047 ‚
1577 1999 1634 2036 ut

220 2071 434 2127 Joannis,
451 2086 556 2117 non
569 2072 863 2134 jejunarent3
883 2081 1038 2133 aptam
1054 2069 1256 2134 protulit
1273 2067 1634 2115 similitudinem

221 2147 278 2193 de
303 2146 412 2193 filiis
452 2147 610 2210 sponsi
638 2163 737 2192 non
762 2145 1033 2210 lugentibus
1057 2144 1284 2209 quamdiu
1308 2161 1418 2190 cum
1444 2143 1535 2189 illis
1566 2152 1637 2190 est

223 2240 421 2287 sponsus
437 2258 450 2279 ,
488 2233 534 2270 et
558 2222 615 2269 de
638 2223 944 2269 commissura
967 2222 1113 2286 panni
1146 2220 1275 2268 rudis
1305 2222 1355 2268 in
1380 2221 1637 2268 vestimen-

227 2311 330 2347 tum
355 2310 512 2356 vetuS,
537 2309 584 2346 et
606 2299 663 2346 de
687 2300 800 2346 vino
828 2317 955 2348 novo
976 2300 1026 2345 in
1044 2309 1173 2347 utres
1196 2309 1376 2347 veteres
1398 2315 1499 2346 non
1527 2299 1637 2346 mit-

274 2533 323 2575 (1)
342 2530 470 2564 nauh.
493 2541 542 2572 ιι,
571 2542 648 2576 1-73
671 2530 781 2564 Marc.
804 2541 846 2572 Π,
868 2527 974 2572 3-1'23
996 2530 1081 2564 Luc.
1104 2541 1138 2572 v,
1164 2528 1277 2564 18-26.
1303 2549 1344 2554 —
1363 2528 1413 2573 (2)
1431 2527 1562 2562 Matth.
1584 2537 1635 2570 ix,

229 2604 273 2636 ῃς
294 2590 405 2625 Marc.
427 2602 468 2631 ιι,
496 2592 554 2631 14·,
575 2589 659 2624 Luc.
680 2600 714 2631 ν,
737 2588 859 2637 27—28.

278 2649 326 2694 (3)
355 2649 482 2683 Slattln.
508 2661 558 2692 it,
585 2647 706 2687 10-13;
729 2650 837 2683 Marc.
858 2661 900 2692 ιι,
927 2649 1054 2697 15-173
1077 2648 1161 2683 Luc,
1182 2660 1213 2688 ν,
1233 2645 1355 2694 29-39..
1377 2646 1492 2681 Notre
1510 2652 1639 2681 auteur

234 2708 365 2742 wmblo
388 2709 533 2750 ignor-er
551 2720 621 2754 quc·
639 2708 799 2742 mathim·
815 2715 849 2743 et
868 2708 948 2743 Levi
965 2715 1045 2743 sont
1063 2707 1095 2743 le
1115 2707 1231 2742 memo
1249 2716 1483 2752 personnage.
