1738 3043
551 235 705 274 LIBER
735 235 1016 273 SECUNDUS.
1424 238 1500 275 297

71 317 288 366 domadae
305 318 543 381 jejunium
571 334 705 381 agere
730 315 977 379 praecepit.
1005 314 1114 375 Quo
1140 315 1355 379 expleto,
1383 314 1504 380 bap-

74 397 235 443 tizavit
257 413 360 454 eos,
389 413 498 442 cum
524 396 654 442 omni
677 394 918 459 parentela
945 404 992 441 et
1017 395 1269 453 affinitate,
1295 394 1503 441 famulis-

71 492 165 539 que
200 474 310 521 suis.
346 474 418 520 lili
456 485 614 521 autem
648 473 807 519 omnia
842 473 1094 519 simulacra
1131 472 1411 537 fregerunt,
1455 483 1503 520 et

71 551 313 599 basilicam
340 552 387 600 in
414 552 611 599 nomine
643 551 791 597 sancti
824 551 1051 607 Joannis‚
1090 551 1136 597 in
1169 569 1262 616 qua
1298 552 1394 615 ipse
1426 569 1502 597 as-

71 641 287 695 sumptus
311 641 405 687 est,
433 629 805 677 fabricaverunt.

136 709 256 756 Cum
287 708 452 756 beatus
486 709 691 756 Joannes
728 719 847 756 esset
882 725 1123 756 annorum
1160 709 1421 774 nonaginta
1457 720 1504 756 et

71 805 244 834 novem
280 788 381 851 (i),
411 787 631 851 apparuit
655 787 695 834 ei
721 787 955 834 Dominus
986 788 1118 834 Jesus
1149 786 1366 833 Christus
1392 805 1500 833 cum

68 865 311 931 discipulis
341 866 434 911 suis
460 876 508 913 et
531 865 652 912 dixit
683 867 723 912 ei
760 886 769 911 :
803 866 934 912 Veni
956 866 1027 912 acl
1047 883 1146 924 me,
1176 869 1292 930 quia
1315 876 1504 931 tempus

69 955 138 990 est
173 955 223 990 ut
258 944 467 1010 epuleris
503 945 553 990 in
590 945 804 991 convivio
842 962 946 991 meo
977 963 1086 991 carn
1103 944 1353 1008 fratribus
1389 946 1499 991 tuis.

69 1021 276 1086 Surgens
319 1031 480 1068 autem
521 1022 757 1078 Joannes‚
803 1022 955 1086 coepit
997 1023 1083 1070 ire.
1133 1022 1223 1070 Sed
1266 1023 1502 1070 Dominus

67 1099 191 1146 dixit
228 1100 269 1147 ei
312 1120 322 1146 ε
360 1100 627 1147 Dominica
663 1102 1024 1148 resurrectionis
1059 1119 1206 1161 mete,
1247 1119 1357 1166 quse
1385 1113 1504 1168 post

69 1180 281 1244 quinque
318 1178 421 1226 dies
440 1180 624 1242 fictura
658 1190 754 1236 est,
793 1181 863 1226 ita
891 1181 1054 1226 venies
1085 1180 1157 1226 acl
1185 1198 1275 1227 me.
1304 1180 1503 1226 Etcum

69 1255 172 1302 haec
195 1256 414 1314 dixisset,
453 1257 580 1304 coelo
604 1267 823 1321 receptus
850 1268 936 1304 est.
965 1256 1201 1305 Veniente
1237 1258 1396 1323 itaque
1427 1257 1503 1304 die

68 1334 334 1392 dominica,
371 1336 600 1383 convenit
629 1335 687 1382 ad
720 1336 956 1383 Joannem
986 1336 1204 1384 universa
1241 1335 1504 1384 multitudo

71 1414 117 1460 in
144 1414 335 1462 ecclesia
370 1433 478 1480 quae
504 1415 553 1461 in
579 1417 677 1479 ejus
702 1416 898 1462 nomine
929 1415 1087 1463 fuerat
1114 1415 1370 1473 fabricata;
1405 1427 1452 1463 et
1478 1435 1501 1462 a

67 1493 228 1556 primo
264 1493 510 1558 pullorum
546 1505 690 1540 cantu
721 1511 861 1559 agens
896 1495 1120 1559 mysteria
1158 1495 1270 1552 Dei,
1308 1511 1504 1541 omnem

67 1571 304 1635 populum
329 1588 478 1636 usque
502 1571 557 1617 ad
583 1570 753 1619 horam
785 1571 877 1618 diei
914 1572 1103 1619 tertiam
1140 1571 1375 1619 allocutus
1401 1583 1470 1619 est
1486 1608 1498 1629 ‚

67 1648 228 1696 dicens
256 1669 266 1695 :
296 1650 497 1696 Fratres
531 1660 576 1696 et
612 1651 829 1697 conservi
859 1652 977 1709 mei,
1012 1651 1228 1698 haeredes
1264 1661 1308 1698 et
1334 1652 1504 1717 parti-

69 1728 201 1793 cipes
219 1729 360 1792 regni
375 1727 495 1785 Dei,
522 1729 799 1792 cognoscite
819 1728 1088 1775 Dominum
1106 1740 1319 1776 nostram
1337 1729 1505 1775 Jesam

74 1803 348 1861 Christum,
376 1815 586 1868 quantas
610 1806 836 1863 virtutes,
860 1816 1047 1869 quanta
1066 1805 1305 1871 prodigia
1318 1842 1333 1865 ‚
1358 1808 1504 1870 signa.

70 1900 260 1948 quoque
283 1894 327 1929 et
350 1882 650 1929 charismata
662 1920 678 1940 ,
705 1883 925 1930 similiter
946 1895 990 1929 et
1019 1883 1294 1930 doctrinam
1316 1902 1410 1949 per
1431 1902 1506 1931 me

68 1961 209 2008 vobis
233 1962 532 2027 praestiterit.
561 1962 866 2007 Perseverate
890 1978 1004 2026 ergo
1028 1962 1077 2007 in
1104 1962 1211 2027 ejas
1234 1961 1499 2009 mandatis.

70 2040 154 2086 Me
183 2043 354 2087 etenim
379 2039 618 2085 Dominus
640 2040 755 2104 jam
782 2039 844 2086 de
873 2039 965 2087 lzoc
999 2041 1182 2087 mando
1207 2058 1387 2088 vocare
1420 2042 1503 2088 di-

67 2129 266 2182 gnatam

133 2199 247 2245 Post
265 2195 391 2254 haec,
405 2199 542 2261 juxta
560 2195 707 2243 altare
722 2195 1151 2262 quadratamjussit
1166 2196 1352 2244 foveam
1372 2197 1472 2245 fieri
1487 2233 1500 2255 ,

72 2285 120 2323 ct
144 2286 320 2322 terram
343 2277 441 2339 ejus
466 2274 591 2322 foras
616 2274 861 2322 eeclesiam
883 2275 1075 2340 projici.
1105 2274 1285 2322 Deinde
1318 2276 1365 2322 in
1402 2293 1503 2322 eam

71 2353 341 2410 descendit,
383 2363 431 2401 et
464 2371 632 2400 manus
670 2371 772 2400 suas
808 2353 1078 2418 expandens
1113 2354 1170 2400 ad
1204 2354 1500 2411 Dominum,

1320 2445 1502 2480 cvranas

1260 2472 1276 2492 ³
1312 2471 1339 2499 o

75 2527 248 2574 agens,
278 2512 396 2575 quia
420 2529 494 2556 me
528 2510 761 2575 (lignatus
791 2529 866 2569 es,
902 2512 1114 2559 Domine
1137 2512 1251 2560 Jeszc
1287 2512 1470 2561 Clu-iste
1489 2551 1498 2560 .

72 2430 192 2478 dixit
227 2452 236 2478 :
271 2433 508 2479 Invitatus
536 2432 609 2479 acl
637 2433 900 2480 convivium
940 2445 1073 2479 taum
1103 2435 1247 2481 venio

124 2759 171 2802 (1)
200 2757 293 2793 Dans
314 2758 345 2793 lu
367 2759 518 2807 legende
540 2760 735 2805 originale,
757 2773 804 2796 on
824 2760 865 2796 lit
886 2792 889 2794 .
915 2767 1064 2806 septem.
