1738 3043
250 266 328 304 228
620 262 863 301 HISTORIA
895 263 1295 303 ECCLESIASTICA.

253 345 339 390 nisi
371 361 456 408 per
488 341 688 407 gratiam
724 342 929 406 Spiritus
964 343 1124 389 Sancti
1158 342 1443 392 obedientiae
1475 345 1671 412 adeptus

253 423 397 469 suerit
420 421 665 468 virtutem.

316 498 496 546 Deinde
530 498 745 545 Salvator
773 500 1212 546 remunerationem
1237 499 1328 564 piae
1359 500 1671 549 confessionis

250 576 500 642 magnifice
525 594 862 624 consummans
876 612 890 634 ‚
912 577 978 623 ait
996 577 1181 625 Simoni
1203 595 1214 622 ε
1240 578 1316 624 Tu
1334 596 1383 625 es
1400 579 1599 635 Petrus,
1628 591 1673 626 et

247 673 394 722 super
430 655 558 701 hanc·
586 666 780 720 petram
819 655 1078 719 crdificcdm
1116 655 1372 702 ecclesiam
1409 674 1590 714 meam,
1627 667 1672 703 et

241 746 398 800 portoe
430 735 577 796 infit-i
602 750 694 778 non
721 732 1049 798 praevalebunt
1079 733 1306 780 adversas
1345 752 1468 781 eam.
1503 735 1671 782 Petrus

246 813 416 868 latine,
444 810 624 875 Ceplias
645 811 849 875 syriace,
872 810 1003 875 quod
1025 828 1200 857 nomen
1223 811 1272 857 in
1294 821 1492 877 utraque
1510 812 1670 877 lingua

243 912 267 938 a
296 902 428 957 petra
453 891 719 938 derixatum
745 899 840 945 cst;
877 907 900 935 a
927 889 1120 935 Christo
1144 890 1386 947 videlicet,
1419 891 1500 955 qui
1534 891 1669 937 firma

241 982 373 1034 petra
400 979 497 1028 est,
523 986 662 1032 supra
693 984 838 1032 quam
864 966 1070 1013 Ecclesia
1098 966 1293 1013 fundata
1313 978 1399 1015 est.
1428 968 1505 1014 Sic
1525 969 1673 1014 nimi-

242 1065 351 1093 rum
384 1047 552 1093 Simon
583 1063 668 1109 per
700 1043 1024 1091 obedientiam
1053 1043 1111 1089 ad
1142 1044 1437 1108 agnitionem
1467 1044 1552 1091 filii
1585 1046 1669 1094 Dei

243 1124 487 1188 pervenit,
515 1139 658 1187 quam
684 1138 783 1168 non
809 1137 919 1167 caro
939 1130 986 1167 et
1008 1120 1195 1185 sanguis
1209 1156 1222 1177 ‚
1246 1120 1325 1167 sed
1344 1121 1482 1168 Pater
1501 1122 1671 1170 coeles-

244 1201 301 1246 tis
333 1201 373 1247 ei
406 1199 660 1254 revelavit3
697 1197 899 1262 ideoque
924 1196 983 1243 ab
1011 1197 1113 1261 ipso
1139 1196 1382 1244 Salvatore
1403 1199 1594 1256 Petrus,
1624 1199 1671 1245 id

240 1289 309 1325 est
338 1295 632 1343 agnoscens,
666 1275 996 1341 cognominari
1023 1276 1218 1322 meruit.
1251 1275 1467 1342 Denique
1488 1277 1608 1323 datis
1629 1278 1667 1323 ei

242 1358 448 1404 coelestis
472 1357 605 1421 regni
634 1355 843 1401 clavibus
860 1391 873 1412 ,
905 1354 1125 1421 Cepkas,
1155 1355 1201 1401 id
1230 1365 1299 1402 est
1325 1367 1474 1422 caput
1494 1356 1669 1403 Eccle-

242 1440 346 1494 εἶπ’,
366 1434 424 1481 ab
443 1436 544 1500 ipso
565 1452 673 1498 rege
693 1432 899 1480 Sabaoth
919 1443 988 1479 est
1008 1434 1298 1480 constitutus
1310 1452 1322 1490 ;
1340 1433 1667 1498 apostolorum

243 1514 422 1560 scilicet
441 1514 664 1577 princeps
680 1522 727 1558 et
744 1511 965 1576 pontifex
981 1529 1194 1557 summus
1208 1547 1221 1567 ,
1240 1521 1474 1575 potestate
1493 1511 1667 1576 ligandi

243 1602 386 1656 atque
414 1590 625 1637 solvendi
657 1590 885 1654 praeditus
904 1625 915 1644 ,
946 1588 1164 1635 doctrina
1188 1600 1235 1635 ct
1267 1589 1515 1637 sanctitate
1546 1608 1671 1655 prae-

242 1670 434 1732 cipuus,
462 1668 606 1733 signis
629 1678 676 1714 et
698 1666 938 1712 miraculis
958 1667 1214 1731 praeclarus
1229 1702 1241 1723 ,
1266 1667 1315 1713 in
1341 1667 1548 1714 Ecclesia
1571 1669 1671 1715 ovi-

242 1745 329 1790 bus
344 1743 518 1791 Christi
540 1755 700 1808 pastor
716 1744 897 1807 primus
912 1779 924 1799 ,
943 1753 990 1790 ct
1008 1743 1218 1807 specialis
1236 1744 1431 1807 praefuit
1446 1745 1665 1791 vicarius.

308 1824 395 1869 llic
424 1840 490 1869 vn
519 1823 655 1868 annis
684 1822 730 1868 in
762 1822 1126 1868 circumcisione
1156 1820 1456 1885 praedicavit,
1480 1831 1535 1869 et
1563 1841 1670 1887 spe-

244 1902 374 1948 cialia
399 1905 497 1965 ejus
521 1918 688 1965 opera,
718 1918 826 1965 quae
858 1911 973 1946 tunc
997 1899 1191 1956 fecerit,
1218 1903 1363 1946 Lucas
1389 1900 1438 1947 in
1469 1899 1668 1947 Actibus

248 1981 593 2046 Apostolorum
611 2017 622 2036 ‚
652 1990 706 2026 ut
729 1981 944 2044 superius
973 1980 1162 2037 notavi,
1195 1978 1422 2026 ostendit.
1452 1979 1669 2040 Quadra-

243 2059 490 2121 genarium
513 2059 642 2105 enim
673 2057 729 2104 ad
758 2058 1016 2122 speciosam
1044 2057 1206 2122 templi
1233 2067 1421 2122 portam
1449 2057 1668 2104 claudum

244 2138 421 2191 erexit,
446 2146 491 2184 et
511 2136 725 2200 quinque
744 2136 890 2181 millia
908 2135 1212 2192 Judmorum,
1233 2135 1314 2200 qui
1336 2136 1550 2183 conversi
1569 2134 1670 2184 fue-

247 2225 381 2272 rant,
406 2213 678 2277 baptizavit.
708 2214 942 2259 Ananiam
971 2223 1019 2260 et
1043 2231 1241 2260 uxorem
1265 2215 1363 2275 ejus
1388 2212 1635 2277 Sapliirain
1651 2250 1664 2270 ,

246 2291 422 2336 fraudis
446 2302 493 2336 et
520 2291 748 2336 mendacii
778 2309 880 2336 reos
913 2291 1131 2338 censorio
1157 2292 1289 2353 jussu
1316 2292 1507 2354 puniit;
1529 2302 1578 2338 et
1602 2293 1667 2338 sic

247 2379 501 2432 przcsentcs
534 2378 675 2431 atque
710 2367 921 2423 futuros,
952 2377 1006 2412 ut
1031 2366 1283 2415 salubriter
1303 2369 1664 2433 castigarentur,

251 2447 437 2493 terruit.
468 2447 781 2509 ssigrotorum
815 2445 1003 2492 turbam
1035 2446 1083 2492 in
1124 2446 1332 2503 lectulis,
1372 2463 1457 2510 per
1492 2446 1667 2511 plateas

251 2524 510 2577 transiens,
540 2521 707 2567 umbra
741 2521 986 2586 tangebat,
1020 2523 1202 2569 meritis
1236 2534 1283 2570 et
1314 2533 1547 2587 potestate
1575 2523 1663 2570 sibi

250 2601 436 2645 coelitus
464 2599 701 2662 impertita
723 2598 932 2646 sanabat.

313 2679 508 2724 AEncam
535 2677 868 2740 paralyticum,
889 2680 986 2741 jam
1004 2689 1115 2726 octo
1143 2678 1278 2723 annis
1307 2679 1354 2724 in
1374 2676 1570 2742 grabato
1585 2680 1659 2736 ja-

243 2767 452 2813 centem,
479 2754 637 2802 Liddae
658 2755 706 2800 in
733 2756 928 2802 nominc
946 2756 1137 2803 Domini
1166 2756 1370 2814 curavit3
1400 2765 1445 2799 et
1469 2750 1657 2798 novita-
