1738 3043
588 246 742 286 LIBER
771 244 1050 284 SECUNDUS.
1451 244 1529 284 349

110 326 250 375 fidem
271 335 615 374 converterunt
631 362 644 384 ,
667 325 920 390 plurimam
938 323 1155 389 gentium
1172 322 1531 373 multitudinem

109 406 166 453 ad
194 407 345 452 lucem
371 405 581 451 veritatis
605 403 931 468 perduxerunt
955 403 1050 466 (1).

175 483 346 530 Electis
389 483 546 547 itaque
587 478 889 528 currentibus
926 479 981 526 ad
1019 479 1159 526 fidem
1198 489 1244 527 et
1270 479 1528 543 justitiam,

111 560 220 608 inde
257 560 450 626 reprobi
484 560 630 625 magis
662 558 942 605 inflammati
976 558 1032 604 ad
1067 558 1214 616 iram,
1250 557 1530 605 seditionem

109 638 354 696 fecerunt,
382 649 429 686 et
458 637 698 702 apostolos
728 635 785 683 de
819 635 995 682 finibus
1033 636 1126 681 suis
1163 637 1421 699 ejecerunt.
1457 636 1528 682 llli

108 727 268 763 autem
290 715 545 780 gaudentes
561 750 575 772 ‚
605 713 788 778 Spiritu
811 713 985 760 Sancto
1017 711 1184 776 repleti
1221 711 1421 758 verbum
1447 713 1530 759 Dei

108 793 514 858 praedicaverunt,
540 803 588 840 et
610 793 851 857 copiosam
874 790 1236 838 multitudinem
1255 790 1531 838 Judaeorum

109 881 158 919 et
180 870 463 919 Graecorum
485 870 543 917 ad
567 871 830 918 Dominum
855 879 1200 918 converterunt
1220 869 1239 933 <
1246 868 1314 932 2).

172 951 430 999 Venientes
459 951 508 996 in
536 949 703 996 Listris
734 947 955 995 claudum
981 965 1036 995 ex
1069 957 1207 995 utero
1240 948 1405 993 matris
1437 963 1532 993 suae

109 1039 422 1084 curaverunt;
469 1027 600 1093 quod
637 1026 922 1073 miraculum
962 1025 1117 1072 turbae
1158 1025 1531 1090 conspicientes,

108 1104 222 1152 deos
247 1105 353 1152 illos
379 1105 794 1161 existimaverunt,
822 1103 1032 1151 dicentes
1058 1122 1067 1147 :
1091 1103 1182 1148 Dii
1207 1102 1388 1149 similes
1396 1102 1538 1165 facti

110 1183 384 1232 hominibus
416 1183 764 1231 descenderunt
796 1183 866 1229 ad
898 1202 1002 1230 nos.
1043 1180 1307 1229 Barnabam
1341 1179 1534 1246 quidem

109 1263 345 1311 vocabant
370 1263 535 1310 Jovem
549 1298 562 1319 ,
592 1262 791 1308 Paulum
816 1279 931 1309 vero
953 1261 1266 1308 Mercurium.
1295 1260 1359 1306 Et
1379 1276 1536 1306 sacer-

109 1339 194 1389 dos
215 1341 372 1398 Jovis,
405 1340 487 1405 qui
520 1349 621 1387 erat
642 1349 752 1387 ante
777 1340 1043 1396 civitatem,
1073 1349 1235 1386 tauros
1263 1349 1310 1386 et
1335 1354 1535 1385 coronas

110 1429 220 1465 ante
237 1420 404 1482 januas
427 1416 669 1476 deferens,
696 1434 806 1463 cum
828 1417 1018 1481 populis
1043 1415 1231 1464 volebat
1255 1415 1534 1462 sacrificare.

110 1496 291 1544 Verum
320 1496 523 1561 apostoli
551 1496 643 1543 tale
666 1496 850 1542 facinus
874 1495 1076 1543 omnino
1100 1493 1429 1542 abominantes
1454 1510 1537 1540 ex-

110 1574 367 1640 pulerunt,
396 1593 448 1621 ac
480 1574 631 1621 scissis
663 1574 839 1621 tunicis
876 1573 971 1620 suis
1009 1573 1060 1620 in
1098 1572 1262 1620 turbas
1294 1573 1538 1620 exilientes

111 1654 461 1712 clamaverunt,
485 1663 531 1701 et
555 1653 719 1700 multis
744 1650 1112 1700 rationabilibus
1134 1652 1272 1699 dictis
1295 1650 1456 1698 turbas
1478 1668 1539 1699 ne

111 1731 201 1779 sibi
227 1732 534 1780 immolarent
560 1731 640 1778 vix
666 1731 953 1778 sedaverunt
973 1731 1068 1795 (3).

176 1810 293 1857 Inde
319 1808 508 1856 Derben
535 1809 864 1873 pervenientes
897 1807 1308 1873 evangelizabant,
1342 1808 1540 1855 multos-

113 1905 206 1954 que
227 1887 452 1936 docentes
470 1886 731 1933 virtutibus
752 1885 1079 1943 instruebant;
1100 1886 1328 1950 plurimas
1345 1886 1542 1950 provin-

115 1966 207 2014 cias
226 1975 528 2031 peragrantes
545 1963 748 2012 verbum
766 1964 961 2012 Domini
981 1963 1333 2020 annuntiando,
1351 1964 1540 2010 tandem

115 2054 441 2111 pervenerunt
470 2043 803 2109 Jerosolymis;
842 2043 1140 2108 susceptique
1167 2060 1190 2088 a
1223 2043 1394 2088 sanctis
1422 2059 1542 2107 apo-

117 2124 251 2173 stolis
284 2120 637 2169 annuntiabant
673 2121 927 2186 gaudentes
960 2130 1134 2185 quanta
1170 2119 1293 2167 Deus
1331 2137 1442 2166 cum
1478 2119 1542 2166 eis

118 2200 404 2249 mirabiliter
434 2199 636 2247 fecisset.
673 2200 812 2246 Tunc
852 2199 901 2246 in
940 2197 1192 2246 Antiochia
1225 2196 1422 2263 quidam
1458 2197 1543 2243 im-

117 2280 261 2346 probi
279 2279 337 2328 de
361 2279 722 2327 circumcisione
740 2276 915 2344 agenda
938 2277 1254 2343 quaestionem
1273 2293 1544 2324 commove-

120 2368 256 2406 runt.
285 2357 425 2406 Unde
449 2358 598 2404 sancti
633 2356 834 2422 apostoli
865 2355 1120 2404 consilium
1147 2355 1384 2411 inierunt,
1411 2371 1463 2400 ac
1487 2353 1544 2399 ad

122 2436 215 2485 tale
235 2435 418 2483 facinus
447 2435 780 2500 extirpandum
810 2432 1074 2481 Barnabam
1096 2444 1144 2480 et
1169 2432 1369 2479 Paulum
1398 2430 1546 2478 desti-

123 2524 375 2563 naverunt.
407 2513 480 2560 llli
507 2523 666 2561 autem
695 2511 1002 2560 Antiochiam
1026 2529 1135 2558 cum
1158 2510 1415 2576 apostolica
1445 2510 1545 2573 epi-

171 2707 222 2751 (ι)
248 2707 334 2742 Act.
351 2714 471 2754 apost.
494 2720 540 2751 xi,
563 2719 620 2755 ας),
637 2706 768 2747 ’δυ-κη,
790 2705 936 2750 25ss-xm‚
964 2705 1060 2747 1-48.
1078 2726 1120 2731 -
1135 2706 1185 2749 (α)
1207 2703 1303 2739 [bid.
1324 2714 1402 2745 xm,
1423 2699 1546 2749 49-5‘2..

127 2785 170 2791 —-
188 2763 239 2812 (3)
258 2766 356 2802 Ibid.
376 2779 453 2811 xw,
472 2767 573 2816 6-17.
