1738 3043
589 210 745 250 LIBER
773 209 1055 251 SECUNDUS.
1459 215 1530 253 311

98 310 280 358 gyrum
303 309 447 340 arcus
470 291 886 340 deambulatorios
905 292 997 356 (1).
1022 292 1124 340 Rex
1146 303 1306 340 autem
1330 294 1539 343 conside-

149 519 201 564 (ι)
225 517 329 553 Nous
349 529 395 552 ne
415 529 580 565 pouvons
598 517 721 552 mieux
741 524 970 553 commenter
984 524 1080 554 cette
1096 519 1264 555 curiense
1281 521 1539 557 enumeration

101 576 166 612 des
185 577 322 624 parties
340 577 606 613 constituantes
623 575 713 611 d'un
733 575 847 623 palais
859 604 868 620 ,
888 576 970 624 dejzx
989 577 1063 612 sort
1082 577 1276 614 differente
1294 578 1340 615 de
1358 579 1391 615 la
1410 579 1539 616 distri-

100 635 235 672 bution
248 636 413 685 antique,
433 636 544 685 qu’en
560 635 677 671 citant
694 635 728 670 la
745 634 970 684 description
991 637 1157 673 suivante
1175 638 1226 673 du
1241 638 1354 686 palais
1368 639 1431 675 des
1449 639 1539 676 dues

100 694 148 731 de
173 694 321 742 Spolete
343 707 424 732 vers
445 695 535 739 814,
564 696 584 731 ὲ
604 694 761 744 laquelle
778 694 848 731 elle
865 707 960 731 nous
977 695 1096 744 pax-ait
1114 697 1215 732 avoir
1231 699 1290 733 ete
1307 697 1539 734 visiblement

99 757 320 804 emprunte'e
343 771 350 790 :

147 816 194 851 In
216 818 336 863 primo
350 815 579 862 proaulium,
607 814 650 850 id
665 821 721 850 est
738 815 841 851 locus
866 821 954 851 ante
971 816 1100 852 aulam
1117 818 1222 862 (area
1244 828 1293 852 ou
1311 818 1538 854 vestibulum

98 875 162 912 des
183 875 357 922 anciens).

145 935 194 970 In
212 934 376 971 secundo
398 934 677 974 salutatorium,
704 933 747 968 id
768 940 824 970 est
842 934 945 970 locus
962 934 1158 971 salutandi
1177 935 1295 987 officio
1317 935 1535 984 deputatus,

96 996 209 1042 juxta
228 995 406 1043 majorem
419 993 569 1030 domum
587 996 811 1030 constitutus
827 994 979 1042 (atrium
993 995 1058 1032 des
1076 997 1253 1043 anciens).

144 1054 193 1089 In
216 1056 323 1090 tertio
347 1055 626 1097 consistorium,
651 1052 694 1087 id
717 1059 773 1088 est
795 1052 928 1090 domus
951 1056 990 1090 in
1008 1055 1150 1101 palatio
1169 1067 1311 1103 magna
1333 1061 1369 1090 et
1386 1058 1534 1103 ampla,

100 1113 166 1148 ubi
192 1113 275 1148 lites
292 1119 328 1148 et
347 1125 492 1148 caussoe
516 1111 771 1147 audiebantur
793 1119 829 1148 et
854 1112 1165 1150 discutiebantur.
1186 1114 1337 1149 Dictum
1355 1117 1535 1152 consisto-

101 1176 196 1209 rium
210 1186 234 1208 a
247 1173 501 1217 consistendo,
517 1175 605 1221 quia
618 1173 671 1208 ibi
686 1180 725 1208 ut
738 1174 915 1220 quoelibet
928 1174 1103 1210 audirent
1119 1180 1154 1210 et
1168 1177 1410 1211 terminarent
1424 1189 1536 1224 nego-

100 1235 151 1268 tia
158 1232 307 1282 judices
321 1234 386 1269 vel
396 1233 571 1283 (fficiales
588 1235 787 1268 consistere
802 1233 939 1269 debent
950 1234 963 1280 (
971 1234 1150 1282 basilique
1165 1233 1230 1270 des
1242 1234 1391 1270 anciens
1403 1235 1534 1283 palais,

98 1292 191 1328 dont
214 1292 240 1328 il
259 1294 354 1329 avait
370 1293 459 1329 fallu
483 1293 645 1341 changer
662 1293 695 1329 le
718 1306 825 1338 nom,
847 1294 978 1343 depuis
996 1295 1087 1343 qu’il
1104 1295 1201 1331 avait
1218 1297 1276 1331 ete
1298 1295 1432 1344 adopte
1451 1308 1535 1332 avec

98 1351 254 1388 l’cdifice
273 1352 468 1388 lui-meme
488 1365 584 1400 pour
600 1352 652 1388 les
670 1352 828 1400 eglises).

146 1414 194 1448 In
212 1419 346 1461 quarto
362 1413 577 1458 trichoram,
600 1413 642 1448 id
659 1419 714 1448 est
731 1411 864 1449 domus
884 1416 1058 1450 conviviis
1074 1413 1272 1461 deputata,
1298 1416 1336 1450 in
1353 1428 1428 1463 qua
1447 1422 1536 1450 sunt

102 1485 139 1508 ιιι
157 1473 308 1510 ordines
327 1486 559 1519 mensarum,
577 1480 612 1509 et
629 1473 768 1509 dictum
782 1480 837 1509 est
855 1474 1067 1510 trichorum
1085 1487 1110 1510 a
1126 1474 1245 1510 tribus
1262 1474 1403 1521 choris,
1423 1475 1465 1511 id
1480 1482 1536 1512 est

100 1534 219 1570 tribus
238 1534 433 1570 ordinibus
451 1537 736 1570 comessantium
752 1535 806 1581 (le
827 1537 1027 1572 triclinium
1044 1535 1108 1572 des
1125 1536 1300 1583 anciens).

144 1595 191 1630 In
210 1597 338 1642 quinto
355 1601 444 1630 zetae
469 1595 678 1644 hyemales,
707 1594 750 1630 id
764 1601 820 1631 est
839 1609 998 1632 cameroe
1021 1596 1192 1646 hyberno
1211 1598 1370 1643 tempori
1387 1609 1533 1644 compe—

97 1662 215 1692 tentes
233 1656 546 1704 (hybernaculum
563 1655 609 1692 de
627 1656 761 1704 Pline).

141 1717 190 1753 In
205 1723 312 1753 sexto
326 1724 416 1753 zctae
435 1718 635 1761 aestivales,
658 1717 700 1752 id
712 1723 767 1753 est
783 1730 942 1753 cameroe
956 1719 1083 1754 aestivo
1101 1720 1259 1766 tempori
1270 1723 1530 1765 competentes.

141 1775 189 1811 In
208 1778 362 1822 septimo
380 1778 664 1823 epicaustorium
688 1782 723 1811 et
742 1777 903 1812 triclinia
920 1776 1181 1821 accubitanea,
1207 1776 1249 1811 id
1266 1783 1321 1813 est
1344 1776 1477 1812 domus
1493 1778 1531 1811 in

95 1848 170 1882 qua
187 1837 379 1870 incensum
394 1841 429 1870 et
444 1841 614 1870 aromata
625 1837 663 1869 in
678 1837 764 1883 igne
775 1836 1022 1883 ponebantur,
1039 1841 1079 1870 ut
1092 1841 1289 1882 magnates
1300 1835 1412 1870 odore
1425 1837 1532 1870 vario

98 1897 347 1943 reficerentur,
368 1897 406 1930 in
423 1895 553 1931 eadem
567 1895 676 1931 domo
695 1899 882 1943 tripartito
900 1896 1030 1932 ordine
1046 1896 1280 1932 considentes
1296 1897 1308 1943 (
1318 1896 1531 1931 innovation

96 1957 292 2005 byzantine
304 1984 313 2002 ,
330 1957 524 2004 etl-angere
538 1969 608 1992 aux
626 1958 822 1993 anciennes
836 1958 1062 1993 habitations
1076 1958 1271 1993 romaines.
1289 1957 1356 1992 Les
1371 1957 1531 1992 triclinia

97 2019 234 2054 etaient
251 2017 315 2053 des
332 2019 479 2066 especes
494 2017 541 2053 de
558 2017 686 2053 divans
706 2019 914 2066 garnissant
934 2018 1025 2054 trois
1043 2018 1142 2054 cotes
1160 2017 1206 2054 de
1224 2017 1257 2053 la
1274 2017 1387 2063 salle).

144 2077 192 2114 In
210 2084 338 2113 octavo
355 2077 524 2121 therme,
545 2077 586 2112 id
602 2084 657 2113 est
678 2077 896 2113 balnearum
911 2079 1013 2113 locus
1030 2076 1252 2113 calidarum.

146 2136 193 2172 In
209 2149 306 2171 nono
321 2138 578 2185 gymnasium,
597 2135 639 2171 id
649 2143 704 2171 est
718 2137 821 2173 locus
835 2136 1150 2183 disputationibus
1167 2142 1202 2171 et
1219 2135 1375 2170 diversis
1388 2136 1531 2169 everci-

101 2198 280 2231 tationum
299 2196 498 2244 generibus
515 2195 729 2242 deputatus.

146 2256 194 2292 In
213 2256 354 2291 decimo
368 2259 536 2304 coquina,
553 2255 657 2293 idest
669 2256 801 2294 domus
817 2258 882 2294 ubi
895 2257 1089 2305 pulmenta
1105 2262 1140 2292 et
1152 2255 1294 2291 cibaria
1309 2260 1529 2302 coquuntur.

147 2318 192 2352 In
215 2316 407 2352 undecimo
425 2317 653 2362 columbum,
675 2316 716 2352 id
732 2324 787 2354 est
808 2318 994 2365 ubiaquae
1010 2315 1171 2363 influunt
1185 2316 1304 2361 (autre
1318 2314 1531 2350 innovation

103 2377 286 2424 grccquc).

149 2436 194 2471 In
211 2435 427 2472 duodecimo
441 2435 740 2482 hippodromum,
762 2436 803 2471 id
819 2442 873 2471 cst
893 2436 994 2471 Iocus
1011 2436 1138 2470 cursui
1149 2445 1326 2481 equorum
1340 2433 1377 2467 in
1394 2432 1535 2478 palatio

102 2497 317 2541 deputatus.

147 2556 254 2592 Cette
272 2557 440 2592 curiense
457 2556 682 2604 description
696 2584 705 2599 ,
730 2555 878 2602 publice
897 2567 962 2602 par
977 2553 1154 2590 Mabinon
1170 2555 1181 2598 (
1192 2553 1330 2588 Rerum
1344 2552 1467 2587 Italic.
1490 2563 1510 2584 ιι
1525 2579 1533 2590 ,

105 2629 141 2662 p.
168 2617 221 2661 ιι)
243 2622 281 2651 et
300 2629 366 2663 par
388 2616 568 2652 Murato&
593 2615 754 2661 (Annali
772 2614 942 2658 d'ltali'av
963 2626 1010 2654 ιν,
1037 2614 1108 2658 ιι),
1125 2626 1143 2648 a
1160 2614 1218 2647 ι’·ῐρ
1237 2610 1453 2659 reproduilc
1476 2621 1537 2655 par

108 2675 241 2710 Mazois
254 2676 410 2721 (Ruines
423 2676 469 2713 dc
485 2677 694 2722 Pompeia),
715 2676 777 2724 qni
796 2688 888 2711 nous
907 2688 922 2710 a
944 2675 1205 2720 puissanuncnk
1222 2672 1303 2708 aid(-
1318 2674 1334 2706 ἐι
1353 2684 1396 2705 cn
1417 2669 1511 2704 dcte«

111 2734 228 2771 mincr
248 2736 279 2772 lc
298 2749 378 2773 sens
398 2738 528 2784 precis.
