1738 3043
244 249 320 286 220
608 246 639 282 ll
650 244 845 283 lsTORIA
879 244 1277 283 ECCLESIASTICA.

245 337 398 372 tarum
418 361 429 381 ‚
452 324 746 388 principibus
768 342 1015 390 synagoga*
1037 324 1356 372 annuentibus
1375 326 1542 372 Paulus
1561 343 1655 372 sur·

246 405 392 458 rexit,
420 413 465 449 et
490 420 632 448 manu
659 403 898 449 silentium
926 403 1161 460 indicens,
1190 403 1434 453 historiam
1453 405 1656 468 patriar-

247 482 441 528 charum
467 482 648 545 optime
674 482 908 528 recensuit
925 518 936 537 ,
967 493 1011 527 et
1035 483 1369 546 promissiones
1400 501 1423 528 a
1449 483 1548 530 Deo
1571 500 1655 547 per

246 558 498 621 prophetas
530 558 645 604 olim
679 557 844 610 factm,
874 559 970 620 jam
1005 559 1051 604 in
1086 558 1275 625 th‘lStO
1309 568 1653 606 consummatas

246 634 453 698 perfecte
476 636 670 682 asseruit
696 636 786 698 (1).

313 713 535 777 Sequenti
554 712 747 759 sabbato
766 729 884 776 pene
905 714 1118 759 universa
1138 714 1300 760 civitas
1317 713 1657 760 convenitver-

249 789 362 836 bum
387 790 579 836 Domini
605 790 781 836 audire.
808 789 943 836 Unde
967 790 1165 836 zelantes
1190 789 1339 836 Judaei
1365 789 1522 836 conati
1546 799 1657 835 sunt

250 867 517 932 blasphema
545 867 921 914 contradictione
941 867 1243 931 apostolicam
1270 866 1658 932 praedicationem

252 944 496 1008 impedire.
526 946 662 990 Tunc
688 954 960 991 constanter
986 944 1151 989 Paulus
1185 954 1231 990 et
1261 943 1494 990 Barnabas
1523 942 1658 989 dixe-

250 1034 364 1068 runt
386 1042 395 1066 ε
423 1023 576 1069 Vobis
595 1021 840 1087 oportebat
850 1023 1063 1087 primum
1084 1022 1215 1087 loqui
1233 1021 1425 1068 verbum
1440 1022 1533 1067 Dei
1536 1043 1556 1076 ,·
1576 1021 1664 1067 sed

250 1101 477 1164 quoniam
518 1100 745 1166 repellitis
783 1099 930 1156 illud,
964 1111 1008 1146 et
1045 1100 1270 1164 indignos
1306 1117 1394 1146 vos
1419 1097 1662 1163 judicatis

249 1189 436 1225 ceternoe
467 1179 611 1235 vitoe,
640 1195 748 1224 ecee
779 1179 1092 1224 convertimur
1120 1177 1190 1223 ad
1206 1188 1387 1241 gentes.
1421 1176 1507 1223 Sic
1537 1177 1661 1222 enim

244 1257 480 1321 prcecepit
499 1255 635 1302 nobis
655 1256 892 1302 Dominus
912 1274 922 1300 .·
944 1256 1100 1301 Posui
1116 1265 1160 1301 te
1178 1257 1226 1301 in
1247 1255 1405 1302 lumen
1417 1253 1658 1320 gentibus,

251 1346 300 1380 ut
323 1336 389 1380 sis
416 1336 462 1380 in
488 1335 689 1381 salutem
715 1352 862 1398 usque
880 1333 950 1379 ad
967 1345 1227 1379 extremum
1253 1343 1406 1379 terrce.
1434 1333 1517 1378 His
1535 1331 1664 1378 audi-

252 1413 336 1470 tis,
371 1423 532 1476 gentes
557 1413 725 1476 gaxisae
758 1423 895 1468 sunt,
922 1422 967 1458 et
994 1412 1075 1476 qui
1101 1410 1422 1475 praedestinati
1450 1419 1586 1456 erant
1608 1407 1664 1454 ad

251 1490 396 1535 vitain
423 1488 742 1536 crediderunt.
774 1488 922 1535 Judaei
947 1506 1085 1545 vero,
1114 1489 1310 1535 excitata
1339 1486 1664 1552 persecutione

253 1567 299 1611 in
320 1565 516 1611 Paulum
546 1577 592 1612 et
615 1565 903 1622 Barnabam,
927 1565 982 1612 de
1006 1565 1180 1611 finibus
1205 1566 1299 1611 suis
1328 1567 1595 1629 ejecerunt,
1619 1573 1666 1610 et

254 1643 319 1688 illi
356 1644 526 1707 gaudio
563 1644 689 1707 pleni
728 1645 944 1690 Iconium
979 1654 1240 1700 venerunt,
1275 1653 1321 1689 et
1353 1643 1398 1688 in
1428 1658 1663 1707 synagoga

251 1721 424 1767 Judaeis
458 1731 504 1768 et
529 1720 707 1767 Graecis
738 1721 881 1768 locuti
909 1731 1035 1767 sunt.
1066 1721 1133 1766 lbi
1160 1720 1241 1766 diu
1263 1719 1519 1776 demorati,
1543 1717 1667 1765 fidu-

254 1799 435 1845 cialiter
462 1799 508 1843 in
537 1798 744 1845 Domino
774 1810 998 1863 egerunt,
1022 1816 1171 1862 eoque
1201 1807 1510 1862 cooperante,
1537 1797 1666 1861 signa

252 1886 298 1923 et
331 1876 544 1941 prodigia
576 1894 660 1940 per
691 1894 856 1922 manus
888 1894 1055 1924 eorum
1087 1875 1208 1922 facta
1242 1886 1368 1921 sunt.
1398 1873 1665 1921 Invidentes

255 1954 398 2017 igitur
424 1954 555 2017 impii
577 1964 623 2000 et
647 1952 856 2001 Gentiles
881 1964 928 2001 et
949 1952 1096 2000 Judaei
1114 1988 1126 2008 ,
1155 1969 1233 2000 eos
1257 1950 1558 1999 contumeliis
1575 1950 1668 1995 affi—

254 2049 358 2078 cere
382 2042 428 2078 et
463 2030 667 2095 lapidare
704 2032 859 2078 moliti
898 2041 1024 2077 sunt.
1066 2030 1137 2077 Illi
1177 2039 1334 2076 autem
1367 2027 1424 2074 ad
1458 2027 1668 2074 civitates

255 2109 505 2172 Lycaoniae
541 2112 759 2172 Lystram
795 2119 841 2155 et
872 2107 1086 2163 Derben‚
1121 2117 1168 2154 et
1199 2106 1465 2152 universam
1500 2104 1548 2150 in
1574 2103 1668 2149 cir-

255 2187 384 2232 cuitu
403 2187 646 2250 regionem
666 2186 985 2249 confugerunt
998 2220 1010 2240 ,
1033 2184 1192 2248 ibique
1212 2182 1662 2247 evangelizaverunt.

259 2266 309 2309 ln
336 2264 552 2310 doctrina
580 2281 742 2311 eorum
767 2275 864 2310 tota
891 2264 1051 2309 civitas
1076 2271 1312 2308 commota
1335 2270 1403 2307 est
1428 2259 1521 2323 (2).

323 2341 502 2404 Lystris
534 2341 724 2404 quidam
761 2340 976 2395 claudus,
1003 2340 1084 2404 qui
1117 2355 1364 2403 nunquam
1393 2334 1667 2382 ambulave-

259 2429 353 2473 rat,
383 2417 657 2481 loquentem
682 2418 876 2463 Paulum
909 2416 1111 2472 audivit,
1142 2426 1188 2463 et
1221 2417 1438 2462 invocato
1471 2412 1667 2460 nomine

261 2495 446 2540 Domini
476 2497 580 2541 Jesu
607 2513 628 2540 a
655 2495 797 2541 Paulo
820 2494 1067 2541 confestim
1094 2504 1280 2539 sanatus
1300 2492 1477 2549 exiliit,
1497 2499 1544 2537 et
1562 2505 1668 2535 ere-

325 2757 347 2783 ι,
377 2744 444 2775 Ar!
477 2750 591 2784 opust.
610 2755 681 2784 λιιι,
697 2742 794 2789 571⁶>
838 2748 871 2784 Η
893 2743 1151 2786 ‹112434—4‘2}
1172 2740 1267 2776 ΙΙΙΠΙ,
1290 2752 1359 2776 xm,
1380 2742 1512 2781 ,Μ-ΧΙΥ,
1530 2736 1563 2771 6.
1581 2734 1667 2780 (45)
