<?xml version="1.0" encoding="UTF-8"?>
<!DOCTYPE html PUBLIC "-//W3C//DTD XHTML 1.0 Transitional//EN"
    "http://www.w3.org/TR/xhtml1/DTD/xhtml1-transitional.dtd">
<html xmlns="http://www.w3.org/1999/xhtml" xml:lang="en" lang="en">
 <head>
  <title>
</title>
<meta http-equiv="Content-Type" content="text/html;charset=utf-8" />
  <meta name='ocr-system' content='tesseract 3.04.00' />
  <meta name='ocr-capabilities' content='ocr_page ocr_carea ocr_par ocr_line ocrx_word'/>
</head>
<body>
  <div class='ocr_page' id='page_1' title='image "./ordericivitalish01ordeuoft/ordericivitalish01ordeuoft_0215.png"; bbox 0 0 1738 3043; ppageno 0'>
   <div class='ocr_carea' id='block_1_1' title="bbox 576 215 1517 255">
    <p class='ocr_par' dir='ltr' id='par_1_1' title="bbox 576 215 1517 255">
     <span class='ocr_line' id='line_1_1' title="bbox 576 215 1517 255; baseline 0 -1"><span class='ocrx_word' id='word_1_1' title='bbox 576 216 729 255; x_wconf 84' lang='lat' dir='ltr'>LIBER</span> <span class='ocrx_word' id='word_1_2' title='bbox 757 215 1035 254; x_wconf 82' lang='lat' dir='ltr'>SECUNDUS.</span> <span class='ocrx_word' id='word_1_3' title='bbox 1444 218 1517 255; x_wconf 80' lang='lat'><strong>199</strong></span> 
     </span>
    </p>
   </div>
   <div class='ocr_carea' id='block_1_2' title="bbox 100 294 1531 2543">
    <p class='ocr_par' dir='ltr' id='par_1_2' title="bbox 100 294 1520 751">
     <span class='ocr_line' id='line_1_2' title="bbox 102 294 1515 362; baseline -0.001 -18"><span class='ocrx_word' id='word_1_4' title='bbox 102 298 310 346; x_wconf 87' lang='lat' dir='ltr'><strong>nesciens</strong></span> <span class='ocrx_word' id='word_1_5' title='bbox 342 297 473 362; x_wconf 86' lang='lat' dir='ltr'><strong>quod</strong></span> <span class='ocrx_word' id='word_1_6' title='bbox 504 297 684 342; x_wconf 83' lang='lat' dir='ltr'><strong>sactum</strong></span> <span class='ocrx_word' id='word_1_7' title='bbox 714 294 871 342; x_wconf 85' lang='lat' dir='ltr'><strong>fuerat</strong></span> <span class='ocrx_word' id='word_1_8' title='bbox 906 296 1108 359; x_wconf 82' lang='lat' dir='ltr'><strong>ingressa</strong></span> <span class='ocrx_word' id='word_1_9' title='bbox 1132 306 1224 351; x_wconf 85' lang='lat' dir='ltr'><strong>cst,</strong></span> <span class='ocrx_word' id='word_1_10' title='bbox 1251 306 1299 341; x_wconf 88' lang='lat' dir='ltr'><strong>et</strong></span> <span class='ocrx_word' id='word_1_11' title='bbox 1323 313 1346 340; x_wconf 92' lang='lat' dir='ltr'><strong>a</strong></span> <span class='ocrx_word' id='word_1_12' title='bbox 1373 295 1515 343; x_wconf 88' lang='lat' dir='ltr'><strong>Petro</strong></span> 
     </span>
     <span class='ocr_line' id='line_1_3' title="bbox 104 373 1517 441; baseline -0.001 -20"><span class='ocrx_word' id='word_1_13' title='bbox 104 376 391 441; x_wconf 81' lang='lat' dir='ltr'><strong>interrogata</strong></span> <span class='ocrx_word' id='word_1_14' title='bbox 412 375 469 422; x_wconf 92' lang='lat' dir='ltr'><strong>de</strong></span> <span class='ocrx_word' id='word_1_15' title='bbox 488 375 643 439; x_wconf 87' lang='lat' dir='ltr'><strong>pretio</strong></span> <span class='ocrx_word' id='word_1_16' title='bbox 659 373 785 438; x_wconf 80' lang='lat' dir='ltr'><strong>agri,</strong></span> <span class='ocrx_word' id='word_1_17' title='bbox 804 374 1001 420; x_wconf 88' lang='lat' dir='ltr'><strong>mentita</strong></span> <span class='ocrx_word' id='word_1_18' title='bbox 1023 384 1108 420; x_wconf 87' lang='lat' dir='ltr'><strong>est.</strong></span> <span class='ocrx_word' id='word_1_19' title='bbox 1135 374 1233 438; x_wconf 87' lang='lat' dir='ltr'><strong>lpsa</strong></span> <span class='ocrx_word' id='word_1_20' title='bbox 1249 390 1441 438; x_wconf 84' lang='lat' dir='ltr'><strong>quoque</strong></span> <span class='ocrx_word' id='word_1_21' title='bbox 1457 373 1517 419; x_wconf 87' lang='lat' dir='ltr'><strong>ab</strong></span> 
     </span>
     <span class='ocr_line' id='line_1_4' title="bbox 100 450 1520 518; baseline -0.001 -19"><span class='ocrx_word' id='word_1_22' title='bbox 100 453 317 518; x_wconf 82' lang='lat' dir='ltr'><strong>apostolo</strong></span> <span class='ocrx_word' id='word_1_23' title='bbox 343 453 609 517; x_wconf 87' lang='lat' dir='ltr'><strong>increpata,</strong></span> <span class='ocrx_word' id='word_1_24' title='bbox 635 450 890 499; x_wconf 81' lang='lat' dir='ltr'>confestim</span> <span class='ocrx_word' id='word_1_25' title='bbox 914 461 1023 498; x_wconf 87' lang='lat' dir='ltr'><strong>ante</strong></span> <span class='ocrx_word' id='word_1_26' title='bbox 1046 451 1186 514; x_wconf 87' lang='lat' dir='ltr'><strong>pedes</strong></span> <span class='ocrx_word' id='word_1_27' title='bbox 1213 453 1309 515; x_wconf 81' lang='lat' dir='ltr'><strong>ejus</strong></span> <span class='ocrx_word' id='word_1_28' title='bbox 1333 452 1520 499; x_wconf 88' lang='lat' dir='ltr'><strong>corruit</strong></span> 
     </span>
     <span class='ocr_line' id='line_1_5' title="bbox 103 530 1515 594; baseline -0.002 -15"><span class='ocrx_word' id='word_1_29' title='bbox 103 542 150 579; x_wconf 87' lang='lat' dir='ltr'><strong>et</strong></span> <span class='ocrx_word' id='word_1_30' title='bbox 183 543 372 578; x_wconf 86' lang='lat' dir='ltr'><strong>mortua</strong></span> <span class='ocrx_word' id='word_1_31' title='bbox 409 541 495 578; x_wconf 88' lang='lat' dir='ltr'><strong>est.</strong></span> <span class='ocrx_word' id='word_1_32' title='bbox 533 531 701 577; x_wconf 91' lang='lat' dir='ltr'><strong>Timor</strong></span> <span class='ocrx_word' id='word_1_33' title='bbox 738 530 896 594; x_wconf 85' lang='lat' dir='ltr'><strong>itaque</strong></span> <span class='ocrx_word' id='word_1_34' title='bbox 935 546 1133 593; x_wconf 81' lang='lat' dir='ltr'><strong>magnus</strong></span> <span class='ocrx_word' id='word_1_35' title='bbox 1168 530 1216 575; x_wconf 92' lang='lat' dir='ltr'><strong>in</strong></span> <span class='ocrx_word' id='word_1_36' title='bbox 1250 531 1515 577; x_wconf 84' lang='lat' dir='ltr'><strong>universam</strong></span> 
     </span>
     <span class='ocr_line' id='line_1_6' title="bbox 103 606 1518 672; baseline -0.001 -17"><span class='ocrx_word' id='word_1_37' title='bbox 103 608 369 664; x_wconf 85' lang='lat' dir='ltr'><strong>ecclesiam,</strong></span> <span class='ocrx_word' id='word_1_38' title='bbox 412 619 459 656; x_wconf 87' lang='lat' dir='ltr'><strong>et</strong></span> <span class='ocrx_word' id='word_1_39' title='bbox 498 608 545 654; x_wconf 91' lang='lat' dir='ltr'><strong>in</strong></span> <span class='ocrx_word' id='word_1_40' title='bbox 586 625 750 655; x_wconf 89' lang='lat' dir='ltr'><strong>omnes</strong></span> <span class='ocrx_word' id='word_1_41' title='bbox 787 607 868 672; x_wconf 87' lang='lat' dir='ltr'><strong>qui</strong></span> <span class='ocrx_word' id='word_1_42' title='bbox 907 606 1160 654; x_wconf 87' lang='lat' dir='ltr'><strong>audierunt</strong></span> <span class='ocrx_word' id='word_1_43' title='bbox 1197 606 1326 664; x_wconf 87' lang='lat' dir='ltr'><strong>haec,</strong></span> <span class='ocrx_word' id='word_1_44' title='bbox 1367 607 1518 654; x_wconf 84' lang='lat' dir='ltr'><strong>sactus</strong></span> 
     </span>
     <span class='ocr_line' id='line_1_7' title="bbox 100 688 292 751; baseline 0 -17"><span class='ocrx_word' id='word_1_45' title='bbox 100 698 169 734; x_wconf 88' lang='lat' dir='ltr'><strong>cst</strong></span> <span class='ocrx_word' id='word_1_46' title='bbox 196 688 216 751; x_wconf 89' lang='lat'><strong>(</strong></span> <span class='ocrx_word' id='word_1_47' title='bbox 231 688 292 750; x_wconf 84' lang='grc' dir='ltr'><strong>ι).</strong></span> 
     </span>
    </p>

    <p class='ocr_par' dir='ltr' id='par_1_3' title="bbox 101 761 1529 1684">
     <span class='ocr_line' id='line_1_8' title="bbox 165 761 1521 828; baseline -0.001 -18"><span class='ocrx_word' id='word_1_48' title='bbox 165 764 254 810; x_wconf 85' lang='lat' dir='ltr'><strong>Per</strong></span> <span class='ocrx_word' id='word_1_49' title='bbox 273 782 441 810; x_wconf 86' lang='lat' dir='ltr'><strong>manus</strong></span> <span class='ocrx_word' id='word_1_50' title='bbox 458 764 786 828; x_wconf 88' lang='lat' dir='ltr'><strong>apostolorum</strong></span> <span class='ocrx_word' id='word_1_51' title='bbox 805 762 955 809; x_wconf 86' lang='lat' dir='ltr'><strong>multa</strong></span> <span class='ocrx_word' id='word_1_52' title='bbox 976 763 1023 809; x_wconf 92' lang='lat' dir='ltr'><strong>in</strong></span> <span class='ocrx_word' id='word_1_53' title='bbox 1043 761 1181 826; x_wconf 85' lang='lat' dir='ltr'><strong>plebe</strong></span> <span class='ocrx_word' id='word_1_54' title='bbox 1200 762 1331 827; x_wconf 83' lang='lat' dir='ltr'><strong>signa</strong></span> <span class='ocrx_word' id='word_1_55' title='bbox 1351 772 1396 809; x_wconf 90' lang='lat' dir='ltr'><strong>et</strong></span> <span class='ocrx_word' id='word_1_56' title='bbox 1416 780 1521 826; x_wconf 88' lang='lat' dir='ltr'><strong>pro-</strong></span> 
     </span>
     <span class='ocr_line' id='line_1_9' title="bbox 101 841 1523 907; baseline 0.001 -19"><span class='ocrx_word' id='word_1_57' title='bbox 101 841 222 907; x_wconf 74' lang='lat' dir='ltr'><strong>digia</strong></span> <span class='ocrx_word' id='word_1_58' title='bbox 250 841 452 900; x_wconf 85' lang='lat' dir='ltr'><strong>fiebant,</strong></span> <span class='ocrx_word' id='word_1_59' title='bbox 482 854 529 889; x_wconf 83' lang='lat' dir='ltr'><strong>et</strong></span> <span class='ocrx_word' id='word_1_60' title='bbox 553 860 719 889; x_wconf 88' lang='lat' dir='ltr'><strong>omnes</strong></span> <span class='ocrx_word' id='word_1_61' title='bbox 750 846 796 888; x_wconf 93' lang='lat' dir='ltr'><strong>in</strong></span> <span class='ocrx_word' id='word_1_62' title='bbox 828 843 1021 907; x_wconf 89' lang='lat' dir='ltr'><strong>porticu</strong></span> <span class='ocrx_word' id='word_1_63' title='bbox 1054 842 1321 890; x_wconf 88' lang='lat' dir='ltr'><strong>Salomonis</strong></span> <span class='ocrx_word' id='word_1_64' title='bbox 1347 843 1523 889; x_wconf 87' lang='lat' dir='ltr'><strong>unani—</strong></span> 
     </span>
     <span class='ocr_line' id='line_1_10' title="bbox 104 918 1522 982; baseline -0.001 -17"><span class='ocrx_word' id='word_1_65' title='bbox 104 919 244 966; x_wconf 82' lang='lat' dir='ltr'><strong>miter</strong></span> <span class='ocrx_word' id='word_1_66' title='bbox 268 930 419 966; x_wconf 86' lang='lat' dir='ltr'><strong>erant.</strong></span> <span class='ocrx_word' id='word_1_67' title='bbox 453 919 749 967; x_wconf 84' lang='lat' dir='ltr'><strong>Caeterorum</strong></span> <span class='ocrx_word' id='word_1_68' title='bbox 776 929 934 967; x_wconf 85' lang='lat' dir='ltr'><strong>autem</strong></span> <span class='ocrx_word' id='word_1_69' title='bbox 959 936 1102 967; x_wconf 91' lang='lat' dir='ltr'><strong>nemo</strong></span> <span class='ocrx_word' id='word_1_70' title='bbox 1127 918 1218 965; x_wconf 91' lang='lat' dir='ltr'><strong>illis</strong></span> <span class='ocrx_word' id='word_1_71' title='bbox 1246 937 1292 965; x_wconf 88' lang='lat' dir='ltr'><strong>se</strong></span> <span class='ocrx_word' id='word_1_72' title='bbox 1315 920 1522 982; x_wconf 90' lang='lat' dir='ltr'><strong>conjun-</strong></span> 
     </span>
     <span class='ocr_line' id='line_1_11' title="bbox 101 995 1526 1062; baseline -0.001 -19"><span class='ocrx_word' id='word_1_73' title='bbox 101 1014 209 1061; x_wconf 83' lang='lat' dir='ltr'><strong>gere</strong></span> <span class='ocrx_word' id='word_1_74' title='bbox 246 996 476 1054; x_wconf 88' lang='lat' dir='ltr'><strong>audebat,</strong></span> <span class='ocrx_word' id='word_1_75' title='bbox 522 998 600 1044; x_wconf 89' lang='lat' dir='ltr'><strong>scd</strong></span> <span class='ocrx_word' id='word_1_76' title='bbox 636 997 842 1062; x_wconf 92' lang='lat' dir='ltr'><strong>populus</strong></span> <span class='ocrx_word' id='word_1_77' title='bbox 879 1015 957 1045; x_wconf 90' lang='lat' dir='ltr'><strong>eos</strong></span> <span class='ocrx_word' id='word_1_78' title='bbox 989 995 1338 1062; x_wconf 80' lang='lat' dir='ltr'><strong>magnificabat.</strong></span> <span class='ocrx_word' id='word_1_79' title='bbox 1379 997 1526 1061; x_wconf 84' lang='lat' dir='ltr'><strong>Magis</strong></span> 
     </span>
     <span class='ocr_line' id='line_1_12' title="bbox 101 1073 1526 1139; baseline 0.001 -19"><span class='ocrx_word' id='word_1_80' title='bbox 101 1073 359 1139; x_wconf 81' lang='lat' dir='ltr'><strong>augebatur</strong></span> <span class='ocrx_word' id='word_1_81' title='bbox 400 1074 696 1121; x_wconf 85' lang='lat' dir='ltr'><strong>credentium</strong></span> <span class='ocrx_word' id='word_1_82' title='bbox 734 1075 782 1121; x_wconf 93' lang='lat' dir='ltr'><strong>in</strong></span> <span class='ocrx_word' id='word_1_83' title='bbox 818 1075 1029 1122; x_wconf 87' lang='lat' dir='ltr'><strong>Domino</strong></span> <span class='ocrx_word' id='word_1_84' title='bbox 1065 1074 1356 1130; x_wconf 85' lang='lat' dir='ltr'><strong>multitudo,</strong></span> <span class='ocrx_word' id='word_1_85' title='bbox 1394 1075 1526 1121; x_wconf 87' lang='lat' dir='ltr'><strong>viro-</strong></span> 
     </span>
     <span class='ocr_line' id='line_1_13' title="bbox 101 1151 1522 1218; baseline 0 -20"><span class='ocrx_word' id='word_1_86' title='bbox 101 1170 209 1198; x_wconf 90' lang='lat' dir='ltr'><strong>rum</strong></span> <span class='ocrx_word' id='word_1_87' title='bbox 243 1170 295 1198; x_wconf 93' lang='lat' dir='ltr'><strong>ac</strong></span> <span class='ocrx_word' id='word_1_88' title='bbox 331 1152 606 1200; x_wconf 87' lang='lat' dir='ltr'><strong>mulierum.</strong></span> <span class='ocrx_word' id='word_1_89' title='bbox 641 1154 695 1199; x_wconf 90' lang='lat' dir='ltr'><strong>In</strong></span> <span class='ocrx_word' id='word_1_90' title='bbox 728 1154 893 1218; x_wconf 81' lang='lat' dir='ltr'><strong>plateis</strong></span> <span class='ocrx_word' id='word_1_91' title='bbox 930 1153 1107 1200; x_wconf 84' lang='lat' dir='ltr'><strong>infirmi</strong></span> <span class='ocrx_word' id='word_1_92' title='bbox 1143 1151 1448 1217; x_wconf 87' lang='lat' dir='ltr'><strong>ponebantur</strong></span> <span class='ocrx_word' id='word_1_93' title='bbox 1474 1152 1522 1198; x_wconf 91' lang='lat' dir='ltr'><strong>in</strong></span> 
     </span>
     <span class='ocr_line' id='line_1_14' title="bbox 103 1229 1525 1288; baseline -0.001 -11"><span class='ocrx_word' id='word_1_94' title='bbox 103 1230 310 1287; x_wconf 87' lang='lat' dir='ltr'><strong>lectulis,</strong></span> <span class='ocrx_word' id='word_1_95' title='bbox 333 1242 413 1288; x_wconf 92' lang='lat' dir='ltr'><strong>ut,</strong></span> <span class='ocrx_word' id='word_1_96' title='bbox 441 1231 662 1278; x_wconf 69' lang='lat' dir='ltr'><strong>veniente</strong></span> <span class='ocrx_word' id='word_1_97' title='bbox 688 1233 857 1288; x_wconf 89' lang='lat' dir='ltr'><strong>Petro,</strong></span> <span class='ocrx_word' id='word_1_98' title='bbox 887 1231 1052 1278; x_wconf 87' lang='lat' dir='ltr'><strong>saltem</strong></span> <span class='ocrx_word' id='word_1_99' title='bbox 1077 1229 1245 1276; x_wconf 82' lang='lat' dir='ltr'><strong>umbra</strong></span> <span class='ocrx_word' id='word_1_100' title='bbox 1281 1230 1405 1276; x_wconf 88' lang='lat' dir='ltr'><strong>illius</strong></span> <span class='ocrx_word' id='word_1_101' title='bbox 1430 1229 1525 1277; x_wconf 91' lang='lat' dir='ltr'><strong>ob-</strong></span> 
     </span>
     <span class='ocr_line' id='line_1_15' title="bbox 103 1307 1527 1374; baseline 0 -20"><span class='ocrx_word' id='word_1_102' title='bbox 103 1307 348 1356; x_wconf 83' lang='lat' dir='ltr'><strong>umbraret</strong></span> <span class='ocrx_word' id='word_1_103' title='bbox 366 1326 656 1374; x_wconf 82' lang='lat' dir='ltr'><strong>quemquam</strong></span> <span class='ocrx_word' id='word_1_104' title='bbox 677 1309 871 1356; x_wconf 91' lang='lat' dir='ltr'><strong>illorum</strong></span> <span class='ocrx_word' id='word_1_105' title='bbox 887 1345 898 1365; x_wconf 93' lang='lat'>‚</span> <span class='ocrx_word' id='word_1_106' title='bbox 918 1320 965 1356; x_wconf 90' lang='lat' dir='ltr'><strong>et</strong></span> <span class='ocrx_word' id='word_1_107' title='bbox 985 1309 1305 1356; x_wconf 84' lang='lat' dir='ltr'><strong>liberarentur</strong></span> <span class='ocrx_word' id='word_1_108' title='bbox 1319 1307 1378 1355; x_wconf 91' lang='lat' dir='ltr'><strong>ab</strong></span> <span class='ocrx_word' id='word_1_109' title='bbox 1400 1308 1527 1354; x_wconf 85' lang='lat' dir='ltr'><strong>infir-</strong></span> 
     </span>
     <span class='ocr_line' id='line_1_16' title="bbox 102 1385 1528 1452; baseline 0.001 -21"><span class='ocrx_word' id='word_1_110' title='bbox 102 1385 349 1432; x_wconf 82' lang='lat' dir='ltr'><strong>mitatibus</strong></span> <span class='ocrx_word' id='word_1_111' title='bbox 367 1387 478 1433; x_wconf 90' lang='lat' dir='ltr'><strong>suis.</strong></span> <span class='ocrx_word' id='word_1_112' title='bbox 493 1387 773 1434; x_wconf 85' lang='lat' dir='ltr'><strong>Vicinarum</strong></span> <span class='ocrx_word' id='word_1_113' title='bbox 790 1404 983 1452; x_wconf 87' lang='lat' dir='ltr'><strong>quoque</strong></span> <span class='ocrx_word' id='word_1_114' title='bbox 1000 1387 1244 1433; x_wconf 82' lang='lat' dir='ltr'><strong>civitatum</strong></span> <span class='ocrx_word' id='word_1_115' title='bbox 1266 1385 1528 1433; x_wconf 88' lang='lat' dir='ltr'><strong>multitudo</strong></span> 
     </span>
     <span class='ocr_line' id='line_1_17' title="bbox 105 1464 1529 1530; baseline -0.001 -18"><span class='ocrx_word' id='word_1_116' title='bbox 105 1466 155 1512; x_wconf 87' lang='lat' dir='ltr'><strong>in</strong></span> <span class='ocrx_word' id='word_1_117' title='bbox 181 1465 440 1512; x_wconf 87' lang='lat' dir='ltr'><strong>Jerusalem</strong></span> <span class='ocrx_word' id='word_1_118' title='bbox 466 1465 522 1511; x_wconf 90' lang='lat' dir='ltr'><strong>ad</strong></span> <span class='ocrx_word' id='word_1_119' title='bbox 551 1465 789 1529; x_wconf 86' lang='lat' dir='ltr'><strong>apostolos</strong></span> <span class='ocrx_word' id='word_1_120' title='bbox 814 1464 1155 1522; x_wconf 87' lang='lat' dir='ltr'><strong>concurrebat,</strong></span> <span class='ocrx_word' id='word_1_121' title='bbox 1182 1482 1334 1530; x_wconf 82' lang='lat' dir='ltr'><strong>aegros</strong></span> <span class='ocrx_word' id='word_1_122' title='bbox 1357 1475 1405 1512; x_wconf 90' lang='lat' dir='ltr'><strong>et</strong></span> <span class='ocrx_word' id='word_1_123' title='bbox 1427 1465 1529 1511; x_wconf 84' lang='lat' dir='ltr'><strong>dae-</strong></span> 
     </span>
     <span class='ocr_line' id='line_1_18' title="bbox 104 1543 1528 1608; baseline 0.001 -18"><span class='ocrx_word' id='word_1_124' title='bbox 104 1543 346 1592; x_wconf 89' lang='lat' dir='ltr'><strong>moniacos</strong></span> <span class='ocrx_word' id='word_1_125' title='bbox 384 1543 636 1600; x_wconf 82' lang='lat' dir='ltr'><strong>afferebat,</strong></span> <span class='ocrx_word' id='word_1_126' title='bbox 681 1553 728 1590; x_wconf 90' lang='lat' dir='ltr'><strong>et</strong></span> <span class='ocrx_word' id='word_1_127' title='bbox 767 1544 951 1590; x_wconf 90' lang='lat' dir='ltr'><strong>cunctis</strong></span> <span class='ocrx_word' id='word_1_128' title='bbox 992 1552 1152 1608; x_wconf 89' lang='lat' dir='ltr'><strong>optata</strong></span> <span class='ocrx_word' id='word_1_129' title='bbox 1191 1543 1312 1590; x_wconf 87' lang='lat' dir='ltr'><strong>salus</strong></span> <span class='ocrx_word' id='word_1_130' title='bbox 1348 1560 1528 1607; x_wconf 87' lang='lat' dir='ltr'><strong>prove-</strong></span> 
     </span>
     <span class='ocr_line' id='line_1_19' title="bbox 108 1619 384 1684; baseline 0.007 -18"><span class='ocrx_word' id='word_1_131' title='bbox 108 1619 267 1668; x_wconf 85' lang='lat' dir='ltr'><strong>niebat</strong></span> <span class='ocrx_word' id='word_1_132' title='bbox 290 1622 384 1684; x_wconf 86' lang='lat'>(2).</span> 
     </span>
    </p>

    <p class='ocr_par' dir='ltr' id='par_1_4' title="bbox 102 1698 1531 2543">
     <span class='ocr_line' id='line_1_20' title="bbox 168 1698 1526 1763; baseline 0 -19"><span class='ocrx_word' id='word_1_133' title='bbox 168 1698 393 1763; x_wconf 86' lang='lat' dir='ltr'><strong>Princeps</strong></span> <span class='ocrx_word' id='word_1_134' title='bbox 416 1698 739 1755; x_wconf 85' lang='lat' dir='ltr'><strong>sacerdotum,</strong></span> <span class='ocrx_word' id='word_1_135' title='bbox 768 1710 815 1746; x_wconf 90' lang='lat' dir='ltr'><strong>et</strong></span> <span class='ocrx_word' id='word_1_136' title='bbox 839 1716 1005 1747; x_wconf 89' lang='lat' dir='ltr'><strong>omnes</strong></span> <span class='ocrx_word' id='word_1_137' title='bbox 1024 1699 1107 1763; x_wconf 89' lang='lat' dir='ltr'><strong>qui</strong></span> <span class='ocrx_word' id='word_1_138' title='bbox 1131 1716 1241 1746; x_wconf 90' lang='lat' dir='ltr'><strong>cum</strong></span> <span class='ocrx_word' id='word_1_139' title='bbox 1260 1698 1345 1745; x_wconf 94' lang='lat' dir='ltr'><strong>illo</strong></span> <span class='ocrx_word' id='word_1_140' title='bbox 1365 1708 1526 1756; x_wconf 85' lang='lat' dir='ltr'><strong>erant,</strong></span> 
     </span>
     <span class='ocr_line' id='line_1_21' title="bbox 105 1775 1529 1841; baseline -0.001 -19"><span class='ocrx_word' id='word_1_141' title='bbox 105 1775 205 1823; x_wconf 89' lang='lat' dir='ltr'><strong>zelo</strong></span> <span class='ocrx_word' id='word_1_142' title='bbox 241 1776 409 1840; x_wconf 88' lang='lat' dir='ltr'><strong>repleti</strong></span> <span class='ocrx_word' id='word_1_143' title='bbox 442 1786 554 1823; x_wconf 90' lang='lat' dir='ltr'><strong>sunt</strong></span> <span class='ocrx_word' id='word_1_144' title='bbox 566 1796 579 1833; x_wconf 85' lang='lat'>3</span> <span class='ocrx_word' id='word_1_145' title='bbox 607 1794 776 1823; x_wconf 89' lang='lat' dir='ltr'><strong>manus</strong></span> <span class='ocrx_word' id='word_1_146' title='bbox 806 1777 854 1823; x_wconf 92' lang='lat' dir='ltr'><strong>in</strong></span> <span class='ocrx_word' id='word_1_147' title='bbox 878 1776 1118 1841; x_wconf 84' lang='lat' dir='ltr'><strong>apostolos</strong></span> <span class='ocrx_word' id='word_1_148' title='bbox 1154 1776 1448 1840; x_wconf 89' lang='lat' dir='ltr'><strong>injecerunt,</strong></span> <span class='ocrx_word' id='word_1_149' title='bbox 1482 1786 1529 1823; x_wconf 89' lang='lat' dir='ltr'><strong>et</strong></span> 
     </span>
     <span class='ocr_line' id='line_1_22' title="bbox 107 1852 1528 1920; baseline 0.001 -21"><span class='ocrx_word' id='word_1_150' title='bbox 107 1853 155 1900; x_wconf 87' lang='lat' dir='ltr'><strong>in</strong></span> <span class='ocrx_word' id='word_1_151' title='bbox 193 1852 403 1902; x_wconf 91' lang='lat' dir='ltr'><strong>custodia</strong></span> <span class='ocrx_word' id='word_1_152' title='bbox 442 1855 546 1902; x_wconf 90' lang='lat' dir='ltr'><strong>illos</strong></span> <span class='ocrx_word' id='word_1_153' title='bbox 586 1854 776 1918; x_wconf 84' lang='lat' dir='ltr'><strong>publica</strong></span> <span class='ocrx_word' id='word_1_154' title='bbox 812 1866 1095 1919; x_wconf 85' lang='lat' dir='ltr'><strong>posuerunt.</strong></span> <span class='ocrx_word' id='word_1_155' title='bbox 1133 1855 1340 1920; x_wconf 81' lang='lat' dir='ltr'><strong>Angelus</strong></span> <span class='ocrx_word' id='word_1_156' title='bbox 1369 1864 1528 1901; x_wconf 85' lang='lat' dir='ltr'><strong>autem</strong></span> 
     </span>
     <span class='ocr_line' id='line_1_23' title="bbox 106 1931 1531 1996; baseline -0.001 -18"><span class='ocrx_word' id='word_1_157' title='bbox 106 1932 301 1981; x_wconf 90' lang='lat' dir='ltr'><strong>Domini</strong></span> <span class='ocrx_word' id='word_1_158' title='bbox 338 1950 423 1996; x_wconf 87' lang='lat' dir='ltr'><strong>per</strong></span> <span class='ocrx_word' id='word_1_159' title='bbox 460 1943 653 1980; x_wconf 88' lang='lat' dir='ltr'><strong>noctem</strong></span> <span class='ocrx_word' id='word_1_160' title='bbox 683 1935 850 1996; x_wconf 86' lang='lat' dir='ltr'><strong>januas</strong></span> <span class='ocrx_word' id='word_1_161' title='bbox 877 1932 1077 1979; x_wconf 85' lang='lat' dir='ltr'><strong>carceris</strong></span> <span class='ocrx_word' id='word_1_162' title='bbox 1101 1932 1313 1996; x_wconf 84' lang='lat' dir='ltr'><strong>aperuit,</strong></span> <span class='ocrx_word' id='word_1_163' title='bbox 1343 1942 1392 1979; x_wconf 88' lang='lat' dir='ltr'><strong>et</strong></span> <span class='ocrx_word' id='word_1_164' title='bbox 1413 1931 1531 1978; x_wconf 89' lang='lat' dir='ltr'><strong>edu-</strong></span> 
     </span>
     <span class='ocr_line' id='line_1_24' title="bbox 106 2009 1528 2076; baseline 0 -20"><span class='ocrx_word' id='word_1_165' title='bbox 106 2028 216 2057; x_wconf 86' lang='lat' dir='ltr'><strong>cens</strong></span> <span class='ocrx_word' id='word_1_166' title='bbox 255 2028 333 2058; x_wconf 86' lang='lat' dir='ltr'><strong>eos</strong></span> <span class='ocrx_word' id='word_1_167' title='bbox 369 2009 492 2057; x_wconf 85' lang='lat' dir='ltr'><strong>dixit</strong></span> <span class='ocrx_word' id='word_1_168' title='bbox 523 2031 531 2056; x_wconf 93' lang='lat'>:</span> <span class='ocrx_word' id='word_1_169' title='bbox 565 2012 662 2069; x_wconf 76' lang='lat' dir='ltr'><strong>Ite,</strong></span> <span class='ocrx_word' id='word_1_170' title='bbox 699 2023 743 2057; x_wconf 83' lang='lat' dir='ltr'><strong>et</strong></span> <span class='ocrx_word' id='word_1_171' title='bbox 768 2022 946 2058; x_wconf 80' lang='lat' dir='ltr'><strong>stantes</strong></span> <span class='ocrx_word' id='word_1_172' title='bbox 981 2011 1236 2075; x_wconf 72' lang='lat' dir='ltr'><strong>loquimini</strong></span> <span class='ocrx_word' id='word_1_173' title='bbox 1267 2012 1316 2056; x_wconf 84' lang='grc' dir='ltr'><em>ιή</em></span> <span class='ocrx_word' id='word_1_174' title='bbox 1352 2011 1528 2076; x_wconf 81' lang='lat' dir='ltr'><strong>templo</strong></span> 
     </span>
     <span class='ocr_line' id='line_1_25' title="bbox 102 2086 1527 2153; baseline 0 -19"><span class='ocrx_word' id='word_1_175' title='bbox 102 2087 238 2153; x_wconf 83' lang='lat' dir='ltr'><strong>plebi</strong></span> <span class='ocrx_word' id='word_1_176' title='bbox 263 2090 429 2135; x_wconf 77' lang='lat' dir='ltr'><strong>omnia</strong></span> <span class='ocrx_word' id='word_1_177' title='bbox 458 2087 606 2135; x_wconf 79' lang='lat' dir='ltr'><strong>verba</strong></span> <span class='ocrx_word' id='word_1_178' title='bbox 638 2090 754 2135; x_wconf 62' lang='lat' dir='ltr'><strong>vita?</strong></span> <span class='ocrx_word' id='word_1_179' title='bbox 782 2088 946 2153; x_wconf 74' lang='lat' dir='ltr'><strong>hujus.</strong></span> <span class='ocrx_word' id='word_1_180' title='bbox 975 2089 1128 2135; x_wconf 86' lang='lat' dir='ltr'><strong>Porro</strong></span> <span class='ocrx_word' id='word_1_181' title='bbox 1153 2088 1219 2134; x_wconf 91' lang='lat' dir='ltr'><strong>illi</strong></span> <span class='ocrx_word' id='word_1_182' title='bbox 1244 2086 1454 2136; x_wconf 90' lang='lat' dir='ltr'><strong>diluculo</strong></span> <span class='ocrx_word' id='word_1_183' title='bbox 1480 2089 1527 2134; x_wconf 91' lang='lat' dir='ltr'><strong>in</strong></span> 
     </span>
     <span class='ocr_line' id='line_1_26' title="bbox 110 2165 1525 2230; baseline 0.001 -17"><span class='ocrx_word' id='word_1_184' title='bbox 110 2165 340 2230; x_wconf 81' lang='lat' dir='ltr'><strong>templum</strong></span> <span class='ocrx_word' id='word_1_185' title='bbox 364 2167 693 2226; x_wconf 87' lang='lat' dir='ltr'><strong>intraverunt,</strong></span> <span class='ocrx_word' id='word_1_186' title='bbox 720 2178 768 2214; x_wconf 93' lang='lat' dir='ltr'><strong>et</strong></span> <span class='ocrx_word' id='word_1_187' title='bbox 793 2165 995 2214; x_wconf 73' lang='lat' dir='ltr'><strong>verbum</strong></span> <span class='ocrx_word' id='word_1_188' title='bbox 1023 2166 1106 2214; x_wconf 74' lang='lat' dir='ltr'><strong>Dei</strong></span> <span class='ocrx_word' id='word_1_189' title='bbox 1130 2184 1237 2213; x_wconf 88' lang='lat' dir='ltr'><strong>cum</strong></span> <span class='ocrx_word' id='word_1_190' title='bbox 1262 2165 1430 2212; x_wconf 85' lang='lat' dir='ltr'><strong>fiducia</strong></span> <span class='ocrx_word' id='word_1_191' title='bbox 1455 2167 1525 2214; x_wconf 91' lang='lat' dir='ltr'><strong>lo-</strong></span> 
     </span>
     <span class='ocr_line' id='line_1_27' title="bbox 109 2234 1526 2309; baseline 0.003 -21"><span class='ocrx_word' id='word_1_192' title='bbox 109 2244 203 2289; x_wconf 89' lang='lat' dir='ltr'><strong>cuti</strong></span> <span class='ocrx_word' id='word_1_193' title='bbox 227 2254 355 2290; x_wconf 90' lang='lat' dir='ltr'><strong>sunt.</strong></span> <span class='ocrx_word' id='word_1_194' title='bbox 383 2244 607 2308; x_wconf 88' lang='lat' dir='ltr'><strong>Princeps</strong></span> <span class='ocrx_word' id='word_1_195' title='bbox 625 2244 924 2292; x_wconf 87' lang='lat' dir='ltr'><strong>sacerdotum</strong></span> <span class='ocrx_word' id='word_1_196' title='bbox 941 2280 953 2302; x_wconf 88' lang='lat'><strong><em>‚</em></strong></span> <span class='ocrx_word' id='word_1_197' title='bbox 975 2256 1022 2291; x_wconf 86' lang='lat' dir='ltr'><strong>ct</strong></span> <span class='ocrx_word' id='word_1_198' title='bbox 1039 2234 1127 2309; x_wconf 67' lang='lat' dir='ltr'><strong>⁴qui</strong></span> <span class='ocrx_word' id='word_1_199' title='bbox 1147 2262 1257 2291; x_wconf 88' lang='lat' dir='ltr'><strong>cum</strong></span> <span class='ocrx_word' id='word_1_200' title='bbox 1281 2262 1337 2292; x_wconf 87' lang='lat' dir='ltr'><strong>eo</strong></span> <span class='ocrx_word' id='word_1_201' title='bbox 1363 2257 1526 2303; x_wconf 89' lang='lat' dir='ltr'><strong>crant,</strong></span> 
     </span>
     <span class='ocr_line' id='line_1_28' title="bbox 107 2321 1530 2380; baseline 0.002 -13"><span class='ocrx_word' id='word_1_202' title='bbox 107 2321 364 2368; x_wconf 91' lang='lat' dir='ltr'><strong>concilium</strong></span> <span class='ocrx_word' id='word_1_203' title='bbox 391 2334 802 2380; x_wconf 82' lang='lat' dir='ltr'><strong>convocaverunt,</strong></span> <span class='ocrx_word' id='word_1_204' title='bbox 831 2339 882 2370; x_wconf 87' lang='lat' dir='ltr'><strong>ac</strong></span> <span class='ocrx_word' id='word_1_205' title='bbox 907 2322 964 2369; x_wconf 82' lang='lat' dir='ltr'><strong>ad</strong></span> <span class='ocrx_word' id='word_1_206' title='bbox 988 2340 1225 2370; x_wconf 88' lang='lat' dir='ltr'><strong>carcerem</strong></span> <span class='ocrx_word' id='word_1_207' title='bbox 1250 2333 1303 2369; x_wconf 90' lang='lat' dir='ltr'><strong>ut</strong></span> <span class='ocrx_word' id='word_1_208' title='bbox 1329 2322 1530 2370; x_wconf 87' lang='lat' dir='ltr'><strong>adduce-</strong></span> 
     </span>
     <span class='ocr_line' id='line_1_29' title="bbox 112 2400 1528 2465; baseline 0.001 -20"><span class='ocrx_word' id='word_1_209' title='bbox 112 2411 280 2446; x_wconf 83' lang='lat' dir='ltr'><strong>rentur</strong></span> <span class='ocrx_word' id='word_1_210' title='bbox 314 2401 565 2447; x_wconf 85' lang='lat' dir='ltr'><strong>miserunt.</strong></span> <span class='ocrx_word' id='word_1_211' title='bbox 605 2401 733 2447; x_wconf 85' lang='lat' dir='ltr'><strong>Missi</strong></span> <span class='ocrx_word' id='word_1_212' title='bbox 772 2417 888 2448; x_wconf 84' lang='lat' dir='ltr'><strong>vero</strong></span> <span class='ocrx_word' id='word_1_213' title='bbox 923 2417 1160 2448; x_wconf 86' lang='lat' dir='ltr'><strong>carcerem</strong></span> <span class='ocrx_word' id='word_1_214' title='bbox 1195 2400 1391 2465; x_wconf 85' lang='lat' dir='ltr'><strong>quidem</strong></span> <span class='ocrx_word' id='word_1_215' title='bbox 1420 2418 1528 2447; x_wconf 88' lang='lat' dir='ltr'><strong>cum</strong></span> 
     </span>
     <span class='ocr_line' id='line_1_30' title="bbox 109 2477 1528 2543; baseline 0.002 -19"><span class='ocrx_word' id='word_1_216' title='bbox 109 2477 240 2524; x_wconf 86' lang='lat' dir='ltr'><strong>omni</strong></span> <span class='ocrx_word' id='word_1_217' title='bbox 265 2477 506 2543; x_wconf 79' lang='lat' dir='ltr'><strong>diligentia</strong></span> <span class='ocrx_word' id='word_1_218' title='bbox 537 2478 773 2535; x_wconf 89' lang='lat' dir='ltr'><strong>clausum,</strong></span> <span class='ocrx_word' id='word_1_219' title='bbox 800 2478 880 2526; x_wconf 87' lang='lat' dir='ltr'><strong>sed</strong></span> <span class='ocrx_word' id='word_1_220' title='bbox 911 2479 1153 2526; x_wconf 88' lang='lat' dir='ltr'><strong>neminem</strong></span> <span class='ocrx_word' id='word_1_221' title='bbox 1178 2479 1305 2525; x_wconf 89' lang='lat' dir='ltr'><strong>intus</strong></span> <span class='ocrx_word' id='word_1_222' title='bbox 1330 2478 1528 2527; x_wconf 84' lang='lat' dir='ltr'><strong>invene-</strong></span> 
     </span>
    </p>
   </div>
   <div class='ocr_carea' id='block_1_3' title="bbox 116 2667 1524 2774">
    <p class='ocr_par' dir='ltr' id='par_1_5' title="bbox 116 2667 1524 2774">
     <span class='ocr_line' id='line_1_31' title="bbox 158 2667 1524 2716; baseline 0.001 -15"><span class='ocrx_word' id='word_1_223' title='bbox 158 2667 207 2710; x_wconf 86' lang='grc' dir='ltr'><strong>(ι)</strong></span> <span class='ocrx_word' id='word_1_224' title='bbox 235 2668 318 2702; x_wconf 80' lang='lat' dir='ltr'><strong>Act.</strong></span> <span class='ocrx_word' id='word_1_225' title='bbox 339 2676 457 2714; x_wconf 67' lang='lat' dir='ltr'><strong>apost.</strong></span> <span class='ocrx_word' id='word_1_226' title='bbox 479 2681 513 2712; x_wconf 85' lang='grc' dir='ltr'><strong>ν,</strong></span> <span class='ocrx_word' id='word_1_227' title='bbox 539 2683 634 2704; x_wconf 84' lang='lat'>1-11.</span> <span class='ocrx_word' id='word_1_228' title='bbox 656 2672 797 2713; x_wconf 70' lang='lat' dir='ltr'><strong>(Amice</strong></span> <span class='ocrx_word' id='word_1_229' title='bbox 816 2668 861 2705; x_wconf 81' lang='grc'><strong>55</strong></span> <span class='ocrx_word' id='word_1_230' title='bbox 879 2670 923 2705; x_wconf 89' lang='lat' dir='ltr'><strong>dc</strong></span> <span class='ocrx_word' id='word_1_231' title='bbox 939 2670 1024 2705; x_wconf 62' lang='lat' dir='ltr'><strong>Fere</strong></span> <span class='ocrx_word' id='word_1_232' title='bbox 1037 2670 1338 2716; x_wconf 79' lang='lat' dir='ltr'><strong>cliretienne.)—</strong></span> <span class='ocrx_word' id='word_1_233' title='bbox 1357 2673 1407 2714; x_wconf 69' lang='lat' dir='ltr'><strong>(a)</strong></span> <span class='ocrx_word' id='word_1_234' title='bbox 1429 2670 1524 2705; x_wconf 76' lang='lat' dir='ltr'><strong>llud.</strong></span> 
     </span>
     <span class='ocr_line' id='line_1_32' title="bbox 116 2726 620 2774; baseline 0.014 -16"><span class='ocrx_word' id='word_1_235' title='bbox 116 2738 149 2764; x_wconf 65' lang='lat' dir='ltr'><strong>x,</strong></span> <span class='ocrx_word' id='word_1_236' title='bbox 176 2726 282 2761; x_wconf 75' lang='lat'>12-16</span> <span class='ocrx_word' id='word_1_237' title='bbox 313 2729 456 2773; x_wconf 63' lang='lat' dir='ltr'><strong>(Mente</strong></span> <span class='ocrx_word' id='word_1_238' title='bbox 476 2732 620 2774; x_wconf 69' lang='lat' dir='ltr'><strong>auncc.)</strong></span> 
     </span>
    </p>
   </div>
  </div>
 </body>
</html>
