1738 3043
231 262 309 297 :5⁶26
598 255 836 293 1115'1'01512&
869 253 1271 292 ECCLESIAS'HCA.

231 350 404 385 cantes.
457 336 523 381 Ex
567 353 649 382 ore
692 352 805 382 vero
846 337 942 399 ejus
987 345 1033 382 et
1077 333 1271 380 naribus
1317 334 1641 398 egrediebatur

232 414 417 459 flamma
430 410 694 475 sulphurea.
708 415 885 458 Pennas
898 411 1044 458 etalas
1058 411 1240 474 spineas
1257 410 1378 456 sicut
1393 408 1642 474 sphinx(1)

234 489 433 537 habebat
448 524 460 545 ‚
483 498 529 536 et
548 489 733 536 vinctus
752 501 849 537 erat
873 509 896 536 a
922 501 1054 553 tergo
1078 506 1243 535 manus
1257 523 1270 544 ‚
1299 488 1540 553 igneisque
1563 504 1643 534 ca-

233 567 354 614 tenis
378 566 585 613 strictus·
611 567 864 632 Postquam
891 567 1123 630 malignus
1150 566 1289 611 Satan
1317 565 1375 610 ab
1398 564 1529 612 omni
1559 579 1645 628 po-

231 645 347 707 pulo
375 645 498 690 visus
519 655 588 692 est
618 654 664 692 et
686 644 744 691 ab
769 645 937 710 angelo
960 645 1224 701 absolutus,
1252 643 1559 708 praecipiente
1591 652 1646 689 ut

235 725 282 769 in
307 723 543 771 desertum
580 724 738 777 locum
763 723 941 778 abii-et,
979 722 1057 769 ubi
1087 722 1211 768 nulla
1246 720 1497 768 hominum
1530 736 1648 767 con-

234 802 435 849 versatio
453 812 593 858 esset,
619 801 776 868 ibique
800 803 923 848 diem
941 802 1105 865 judicii
1138 810 1429 865 expectaret,
1453 798 1647 846 teterri-

233 897 363 925 mum
400 879 517 926 dirae
551 880 677 926 vocis
714 879 946 925 ululatum
978 879 1166 935 emisit,
1203 878 1407 925 evolavit
1442 888 1489 925 et
1524 893 1646 923 nus-

234 973 377 1020 quam
407 957 690 1019 comparuit.
724 955 931 1021 Angelus
953 966 1110 1003 autem
1135 955 1356 1013 Domini,
1375 952 1646 1000 videntibus

234 1035 443 1094 cunctis,
471 1034 527 1080 ad
552 1033 729 1080 coelum
755 1034 975 1081 evolavit.

301 1112 438 1158 Tunc
463 1112 699 1160 Polemius
723 1131 805 1159 rex
823 1149 836 1170 ,
867 1130 959 1159 una
985 1129 1093 1159 cnm
1118 1128 1267 1159 uxore
1291 1127 1368 1157 sua
1394 1119 1442 1157 et
1463 1107 1649 1156 duobus

236 1189 342 1236 siliis
365 1227 377 1245 ‚
416 1208 524 1237 cum
559 1192 690 1238 omni
731 1192 942 1239 exercitu
975 1208 1061 1237 suo
1097 1201 1143 1237 et
1178 1189 1310 1237 omni
1345 1187 1527 1253 populo
1565 1186 1648 1251 qui

235 1266 434 1313 salvatus
458 1278 552 1323 est,
586 1286 696 1315 cum
729 1269 861 1316 omni
892 1268 1073 1333 populo
1107 1266 1307 1313 civitatis
1335 1282 1431 1312 suae
1460 1274 1507 1312 et
1531 1264 1650 1310 vici-

236 1360 409 1390 narum
448 1344 643 1391 urbium
690 1363 797 1410 quae
843 1344 900 1392 ad
943 1347 1039 1409 ejus
1074 1342 1382 1408 pertinebant
1418 1356 1648 1406 regnum,

237 1421 429 1468 credens
444 1458 457 1478 ,
486 1422 747 1487 baptizatus
770 1435 863 1480 est;
892 1433 938 1470 et
963 1423 1178 1487 deposito
1201 1421 1462 1468 diademate
1485 1418 1652 1483 capitis

238 1515 345 1542 cum
362 1517 572 1562 purpura
589 1535 600 1555 ‚
628 1501 776 1563 coepit
801 1499 1017 1563 apostolo
1043 1498 1301 1544 adhaercre.
1337 1498 1521 1542 Interea
1546 1494 1651 1541 cul-

238 1583 364 1620 tores
395 1584 441 1620 et
474 1576 724 1638 pontifices
751 1576 1083 1620 universorum
1119 1573 1408 1637 templorum
1431 1589 1478 1618 se
1502 1570 1652 1619 colle-

236 1661 436 1714 gerunt,
473 1660 539 1697 ac·
552 1651 608 1697 ad
640 1652 890 1716 Astyagem
915 1669 1071 1716 regem
1102 1651 1299 1698 fratrem
1325 1651 1400 1714 (2)
1424 1652 1652 1714 majorem

240 1729 300 1774 ita
327 1729 571 1793 conquesti
597 1740 709 1775 sunt
737 1749 747 1774 ε
774 1731 950 1775 Frater
977 1740 1082 1775 tuus
1114 1732 1248 1794 magi
1272 1727 1478 1774 hominis
1504 1725 1652 1773 disci-

234 1806 560 1871 pulus-filetus
591 1818 684 1862 est,
719 1809 804 1871 qui
827 1807 1004 1871 templa
1025 1818 1190 1853 nostra
1216 1806 1310 1852 sibi
1339 1805 1590 1863 vendicat,
1612 1815 1656 1851 et

239 1883 354 1930 deos
378 1895 562 1931 nostros
587 1886 866 1949 confringit.
897 1886 1016 1931 Cum
1055 1885 1153 1931 haec
1189 1884 1354 1932 flentes
1388 1883 1652 1941 referrent,

237 1979 344 2009 ecce
359 1973 406 2009 et
421 1962 620 2008 aliarum
640 1963 885 2009 civitatum
903 1963 1153 2027 pontifices
1173 1961 1332 2010 eadem
1346 1961 1514 2009 flentes
1531 1969 1657 2007 retu-

237 2040 415 2087 lerunt.
433 2041 657 2107 Astyages
671 2059 753 2088 rex
775 2043 920 2106 igitur
934 2041 1221 2106 indignatus,
1239 2041 1368 2087 misit
1380 2039 1510 2087 mille
1522 2039 1650 2087 viros

237 2129 442 2166 armatos
472 2137 582 2166 cum
612 2119 951 2183 pontificibus,
979 2131 1033 2166 ut
1058 2119 1139 2166 ubi
1166 2119 1436 2167 invenirent
1463 2126 1650 2182 aposto-

238 2195 363 2252 lum,
390 2196 606 2243 vinctum
635 2195 722 2242 sihi
752 2195 1068 2261 perducerent
1101 2196 1249 2242 illum.
1283 2195 1375 2256 Qui
1401 2212 1510 2241 cum
1542 2211 1649 2258 per-

237 2272 405 2319 ductus
432 2274 489 2319 ad
513 2291 671 2338 regem
699 2273 886 2330 fuisset,
921 2284 969 2321 et
989 2274 1309 2339 interrogatus
1333 2272 1390 2320 de
1411 2273 1511 2320 Deo
1534 2287 1647 2319 vero

237 2359 510 2396 constanter
548 2350 894 2414 respondisset,
938 2352 1210 2398 nuntiatum
1258 2361 1327 2398 est
1371 2350 1470 2415 regi
1518 2347 1646 2413 quod

282 2559 332 2602 (ι)
357 2557 452 2591 Dans
477 2557 509 2591 le
535 2559 615 2592 saux
641 2558 794 2602 Abdus,
821 2572 865 2594 au
891 2560 962 2595 lieu
989 2561 1033 2595 de
1060 2573 1117 2596 ces
1140 2567 1232 2595 mots
1259 2575 1264 2591 e
1298 2561 1389 2593 sicut
1414 2557 1567 2602 sphinx,
1597 2569 1647 2592 011

240 2625 362 2651 trouve
382 2617 523 2651 ceux-ci
578 2620 665 2651 ‹icul
684 2619 842 2664 lzyvtrzssr,

280 2677 329 2719 (Ἃ)
355 2676 507 2720 Α]Ουίε7,
531 2692 534 2708 z
560 2677 634 2721 ‹fjfli
