1738 3043
575 222 731 261 LIBER
759 221 1043 261 SECUNDUS.
1456 225 1535 262 29⁴.)

97 315 145 354 et
181 322 269 371 ego
295 315 517 369 peccator
551 302 751 360 accedo,
786 302 1094 352 devotionem
1129 320 1284 350 meam
1324 302 1535 367 trepidus

97 381 328 438 exhibeo,
359 392 406 429 et
442 381 692 429 excellenti
725 379 984 428 Salvatoris
1007 381 1162 428 amico
1188 380 1237 426 in
1269 379 1361 428 fide
1385 389 1433 428 et
1456 398 1536 446 spe

96 460 297 509 devotus
321 460 592 507 orationem
615 457 830 506 effundo.

169 539 211 587 Ο
243 539 458 587 Joannes
496 539 793 594 beatissime,
834 537 1017 585 Christi
1033 535 1316 602 familiaris
1350 539 1531 596 amice,

98 620 185 684 qui
211 618 274 665 ab
299 617 468 665 eodem
492 617 705 664 Domino
729 616 848 663 Jesu
877 615 1068 662 Christo
1092 617 1233 680 virgo
1263 615 1466 674 electus,
1493 627 1537 662 et

99 698 223 743 inter
245 707 439 744 eoeteros
471 696 633 760 magis
662 694 894 753 dilectus,
923 705 1068 759 atque
1098 695 1335 759 mysteriis
1361 694 1534 742 coeles—

98 775 227 823 tibus
257 775 385 821 ultra
416 792 580 822 omnes
611 773 845 832 imbutus,
883 773 1135 840 apostolus
1159 774 1265 839 ejus
1290 785 1334 820 et
1363 775 1537 821 Evan-

94 853 273 918 gelista
278 850 457 917 jactus
484 870 533 899 es
548 852 998 919 praeclarissima&
1023 863 1067 899 te
1087 852 1377 919 suppliciter
1395 852 1538 899 obse-

99 949 180 979 cro
199 950 211 978 :
230 949 306 978 me
324 933 570 989 miserum,
591 942 752 978 tamen
769 930 1051 996 diligentem
1072 943 1132 991 te,
1153 931 1323 997 dilige,
1345 949 1534 997 quoeso,

98 1012 309 1075 meisque
329 1009 556 1076 precibus
581 1009 788 1056 clemens
820 1009 1083 1056 exauditor
1104 1009 1292 1056 adesto.
1327 1009 1538 1057 Labores

99 1106 251 1146 meos,
284 1099 328 1135 et
357 1106 603 1135 ccrumnas
633 1087 808 1153 quibus
840 1105 1002 1153 angor
1030 1087 1260 1145 assidue,
1293 1099 1337 1134 et
1367 1088 1538 1135 multi-

99 1166 275 1213 modas
306 1166 610 1227 &firmitates
639 1166 857 1232 eorporis
885 1167 1010 1225 mei,
1051 1183 1333 1231 morumque
1363 1166 1538 1214 moles-

100 1246 195 1292 tias
235 1263 447 1292 meorum
483 1246 697 1311 respice,
741 1245 1019 1310 meritisque
1056 1244 1307 1293 vivacibus
1344 1256 1389 1291 et
1428 1263 1540 1292 ora-

101 1324 312 1372 tionibus
351 1342 449 1391 pro
493 1342 570 1372 me
616 1323 688 1371 ad
732 1324 1002 1372 Dominum
1036 1325 1126 1390 pie
1165 1324 1345 1371 oblatis
1385 1343 1417 1371 a
1464 1342 1540 1371 me

100 1403 361 1467 ffeaciter
399 1421 601 1460 amove,
646 1414 699 1450 ut
735 1421 768 1450 a
805 1403 964 1470 culpis
1006 1403 1327 1462 emundatus,
1374 1402 1538 1451 divino

101 1481 256 1528 cultui
289 1499 478 1528 merear
513 1499 702 1547 semper
738 1481 998 1540 inhaerere,
1045 1493 1089 1528 et
1106 1482 1345 1543 fidelium
1387 1484 1540 1529 niveae

92 1560 343 1626 phalangi
371 1563 614 1620 sociatus,
650 1579 811 1627 regem
844 1561 1066 1609 Sabaoth
1098 1564 1149 1609 in
1179 1574 1409 1610 aetemum
1436 1562 1538 1609 lau-

101 1638 239 1685 clare.
266 1640 442 1686 Amen.

166 1717 251 1766 Vl.
277 1717 481 1766 Jacobus
505 1719 690 1778 Minor,
717 1719 844 1766 filius
861 1719 1076 1784 Alphaei,
1099 1719 1182 1784 qui
1209 1719 1258 1765 in
1276 1718 1540 1783 Evangelio

101 1798 383 1845 nominatur
414 1797 564 1846 frater
598 1799 824 1856 Domini,
863 1798 975 1863 quia
1005 1797 1155 1844 Maria
1191 1813 1317 1844 uxor
1352 1795 1539 1860 Alphaei

103 1884 357 1922 matertera
377 1875 471 1921 fuit
487 1876 654 1922 matris
676 1876 876 1923 Domini
892 1912 905 1932 ,
929 1893 1075 1940 quam
1092 1874 1294 1921 Mariam
1312 1873 1540 1938 Cleophae

102 1954 309 2001 Joanncs
348 1954 645 2019 Evangelista
683 1955 1028 2020 cognominat,
1070 1952 1129 2000 ab
1163 1953 1390 2018 apostolis
1430 1964 1540 2018 post

104 2032 429 2079 ascensionem
452 2032 648 2079 Domini
672 2032 1088 2098 Jerosolymorum
1105 2032 1356 2099 episcopus
1379 2032 1539 2078 statim

103 2108 353 2156 ordinatus
370 2119 463 2166 est,
484 2119 531 2156 et
551 2110 758 2174 ejusdem
779 2109 899 2157 sedis
917 2109 1152 2175 regimine
1167 2127 1253 2174 per
1268 2125 1419 2156 annos
1443 2125 1540 2156 xxx

105 2187 286 2250 potitus
305 2197 391 2234 est.
419 2188 579 2252 Ipsum
595 2205 787 2246 omnes,
816 2199 913 2235 tam
933 2205 1023 2253 pro
1044 2188 1170 2235 illius
1193 2187 1341 2234 nimia
1359 2187 1538 2234 sancti-

106 2275 202 2313 tate
243 2283 388 2331 quam
424 2283 514 2330 pro
554 2266 812 2315 Salvatoris
847 2267 1292 2333 consanguinitate,
1335 2265 1539 2331 apostoli

107 2341 438 2402 honorabant,
470 2354 517 2391 et
541 2343 599 2392 de
621 2344 818 2394 diversis
840 2345 1145 2412 regionibus,
1172 2344 1289 2392 dum
1322 2345 1379 2392 ad
1410 2363 1542 2409 prae-

107 2422 363 2470 dicandum
394 2422 590 2489 dispersi
628 2436 809 2483 essent,
839 2425 896 2472 ad
929 2426 1085 2491 ipsum
1109 2424 1241 2473 velut
1265 2423 1323 2471 ad
1355 2435 1541 2489 patrem

107 2502 396 2566 opportunis
437 2503 735 2568 temporibus
770 2503 1116 2560 recurrebant,
1159 2503 1542 2567 necessariosque

109 2577 353 2625 consultus
379 2577 437 2626 ab
463 2579 564 2644 ipso
589 2590 643 2626 ut
665 2598 688 2626 a
713 2581 965 2645 magistro,
995 2591 1139 2645 prout
1165 2581 1287 2627 ratio
1312 2579 1542 2643 (Ιρρος-«Ψ-4

112 2655 187 2701 bal·
206 2692 216 2710 ,
248 2656 495 2703 humiliter
519 2657 811 2723 flagitabant.

178 2734 388 2781 Tandem
422 2737 622 2801 septimo
666 2737 869 2785 Neronis
910 2738 1095 2802 imperii
1137 2755 1294 2793 anno,
1338 2735 1450 2782 dum
1492 2735 1540 2780 in.
