1738 3043
236 236 315 273 232
606 230 846 269 lllS'l'ORIA
878 229 1281 269 ECCLESIASTICA.

235 324 345 378 post
370 312 468 358 haec
493 309 667 358 Gabala
693 322 739 358 et
763 311 828 357 sic
863 310 1156 367 Laodiciam,
1184 309 1345 376 ibique
1374 310 1537 358 decem
1559 313 1658 361 die-

239 393 327 439 bus
367 400 631 436 remoratus
671 399 740 436 est
753 408 765 446 ;
804 398 850 436 et
887 389 1155 453 recognitio
1185 389 1378 448 matris,
1416 389 1662 456 triumque

241 469 453 516 liliorum
472 467 758 526 Clementis,
787 468 996 514 Faustini
1026 479 1072 514 et
1098 467 1252 513 Fausti
1278 465 1399 513 facta
1420 477 1506 514 est.
1532 467 1662 533 Cog-

240 547 329 592 niti
362 545 538 610 gemini
576 545 849 591 retulerunt
884 545 1015 609 quod
1040 555 1149 608 post
1180 542 1509 609 naufragium,
1547 543 1664 591 dum

240 624 428 670 cuidam
467 623 738 688 fragmento
775 622 1043 669 tabularum
1085 622 1320 670 lum-entes
1353 639 1440 686 per
1474 622 1664 687 pelagus

233 705 548 766 jactarentur,
576 702 743 764 piratae
771 701 875 748 illos
896 711 1201 765 repererunt,
1228 701 1568 766 impositosque
1591 718 1666 748 na-

240 779 409 826 viculae
437 796 533 826 suae
557 778 817 826 Caesaream
843 779 1079 825 Stratonis
1103 778 1458 843 perduxerunt,
1492 795 1665 844 eosque

245 858 358 914 illic,
376 858 569 904 mutatis
587 857 865 905 nominibus
887 858 1098 914 illorum,
1112 860 1254 922 justae
1270 857 1454 904 cuidam
1472 857 1666 905 feminae

242 936 590 991 vendiderunt3
637 953 746 1001 quae
791 936 898 983 loco
937 935 1151 984 filiorum
1193 935 1382 983 eosdem
1422 936 1665 994 educavit,

242 1014 414 1061 litteris
438 1013 715 1060 liberalibus
742 1031 794 1059 ac
816 1014 982 1078 graecis
1013 1013 1192 1060 erudiri
1218 1012 1360 1070 fecit,
1388 1012 1670 1081 adultosque

243 1088 644 1155 philosophorum
664 1090 831 1136 studiis
857 1088 1069 1136 tradidit.

312 1170 529 1234 Cumque
546 1169 714 1216 Petrus
735 1168 969 1215 Laodiciae
996 1178 1285 1225 moraretur,
1312 1166 1547 1234 bonisque
1569 1177 1672 1215 stu-

247 1247 335 1293 diis
356 1246 499 1294 solito
524 1264 660 1294 more
680 1246 860 1310 jugiter
885 1256 1218 1310 occuparetur,
1246 1245 1578 1292 Faustinianus
1604 1261 1674 1293 se-

248 1342 367 1380 nex,
408 1323 574 1370 habitu
607 1342 805 1389 pauper,
841 1323 898 1370 ad
934 1341 1042 1371 eum
1079 1324 1298 1381 accessit,
1334 1334 1382 1371 et
1413 1323 1675 1388 disceptare

250 1401 400 1465 coepit
420 1400 549 1466 quod
570 1419 725 1465 neque
745 1401 875 1447 Deus
897 1411 989 1459 est,
1011 1417 1166 1466 neque
1186 1401 1367 1458 cultus,
1390 1417 1545 1466 neque
1567 1416 1676 1465 pro-

248 1479 455 1526 videntia
477 1481 523 1525 in
543 1479 725 1526 mundo
737 1499 749 1536 ;
773 1479 852 1526 sed
868 1479 1098 1526 fortuitus
1118 1497 1248 1526 casus
1265 1489 1313 1527 et
1329 1479 1509 1545 genesis
1526 1488 1677 1544 agunt

250 1557 428 1603 omnia.
461 1557 639 1602 Contra
673 1573 816 1620 quem
851 1567 945 1603 tres
976 1555 1060 1602 filii
1093 1557 1213 1619 ejus,
1248 1573 1368 1621 quos
1396 1554 1549 1602 adhuc
1573 1571 1675 1602 non

252 1632 596 1698 cognoscebat,
629 1651 714 1697 per
742 1632 956 1679 triduum
981 1632 1201 1680 audiente
1219 1633 1402 1697 populo
1427 1633 1678 1698 insigniter

253 1711 579 1769 obstiterunt,
609 1723 655 1759 et
690 1712 736 1758 in
773 1712 866 1758 suis
897 1712 1134 1776 responsis
1164 1710 1421 1775 multiplici
1457 1709 1679 1776 dogmate

252 1790 492 1837 auditores
518 1791 865 1837 instruxerunt.

318 1869 481 1915 Primo
508 1868 583 1915 die
609 1868 778 1914 Niceta
803 1869 1041 1932 sapienter
1064 1867 1280 1932 allegavit
1305 1867 1435 1933 quod
1460 1883 1584 1914 unus
1608 1876 1679 1914 est

252 1948 376 1995 Deus
401 1948 562 1995 omnia
588 1957 780 2004 tenenS,
813 1958 859 1994 et
886 1947 1122 1994 mundum
1145 1946 1284 2003 fecit,
1312 1964 1487 2012 suaque
1509 1945 1679 2010 provi-

255 2026 345 2073 den
355 2026 412 2072 tia
425 2024 677 2090 gubernat,
689 2027 845 2088 justus
856 2025 999 2083 Deus,
1014 2025 1272 2090 unicuique
1281 2024 1540 2072 secundum
1552 2033 1679 2089 gesta

255 2119 333 2148 sua
360 2100 649 2166 quandoque
667 2101 956 2148 redditurus.
987 2101 1224 2158 Secundo,
1247 2100 1419 2167 Aquila
1443 2100 1681 2165 eloquen-

258 2190 330 2226 ter
359 2178 579 2225 disseruit
612 2179 741 2243 quod
763 2181 917 2242 justus·
945 2179 1071 2225 Deus
1103 2179 1264 2225 omnia
1290 2180 1417 2243 juste
1444 2176 1675 2241 disponit.

258 2258 425 2303 Tertio
441 2292 453 2312 ‚
477 2255 695 2302 Clemens
715 2256 772 2302 de
793 2256 979 2304 ratione
1001 2256 1182 2321 genesis
1204 2255 1278 2320 (ι)
1304 2254 1679 2320 disputationem

254 2334 394 2389 feeit,
424 2342 587 2378 utrum
615 2333 774 2378 omnia
805 2350 861 2379 ex
885 2350 939 2379 ea
963 2333 1161 2390 fierent,
1189 2351 1249 2379 an
1280 2342 1398 2380 esset
1423 2330 1602 2397 aliquid
1625 2331 1676 2377 in

256 2409 395 2457 nobis
427 2408 556 2475 quod
589 2426 686 2455 non
723 2411 928 2474 genesis,
964 2411 1042 2458 sed
1067 2411 1151 2458 Dei
1171 2410 1408 2475 judicium
1433 2409 1509 2474 (2)
1538 2426 1677 2475 gere-

298 2581 349 2625 (1)
374 2579 528 2614 Genesis
548 2594 551 2611 ς
575 2580 921 2626 geuilur(e,st1lutn,
945 2581 1180 2628 horoscopus.
1203 2582 1294 2615 Duc.
1318 2581 1442 2616 Gloss.

299 2641 350 2684 (α)
376 2638 476 2673 Nous
494 2650 649 2684 pensons
667 2639 777 2685 qu‘on
794 2639 873 2674 doit
889 2640 956 2675 lire
979 2641 1169 2686 indicium,
1194 2640 1372 2688 quoiqu'il
1391 2653 1413 2687 y
1431 2641 1482 2676 ait
1494 2638 1676 2687 judicium

252 2698 340 2732 dans
360 2697 392 2732 le
413 2697 612 2732 manuscrit
631 2696 676 2732 de
695 2698 984 2734 Saint-Evroult.
