1738 3043
189 199 265 240 4¹6
554 199 793 239 1115TOR1A
825 200 1229 241 ECCLESIASTICA.

254 265 498 326 Hormisda
537 281 823 345 Campanus,
864 301 920 329 ex
956 293 1089 347 patre
1119 285 1281 342 Justo,
1318 283 1376 333 de
1409 285 1596 334 civitate

188 357 427 412 fris-ioue,
464 357 586 405 sedit
622 359 758 405 annis
796 375 880 405 v111
917 359 1080 407 dicbus
1115 378 1238 408 xvn.
1274 362 1362 409 Hic
1397 363 1596 412 consilio

191 434 468 482 Theoderici
501 437 571 500 (1)
606 438 726 502 regis
756 438 1033 486 Ennodium
1067 440 1371 489 Ticinensem
1400 453 1448 490 et
1472 443 1596 489 For-

191 524 410 561 tunatum
463 514 762 564 Catinensem
807 518 1081 582 episcopum
1129 518 1599 584 Constantinopolim

189 593 317 638 misit
352 602 399 638 et
432 591 624 639 Graecos
662 592 893 652 absolvit,
936 596 1017 660 qui
1060 613 1149 660 pro
1191 596 1424 644 haereticis
1458 598 1600 645 Petro

189 668 509 717 Alexandrino
537 680 584 716 et
617 670 816 718 Achatio
841 672 1374 737 Constantinopolitano
1404 672 1601 720 anathe-

188 748 392 794 matizati
418 758 568 794 erant.
597 747 686 796 Sed
716 748 984 796 Anastasius
1006 750 1267 815 Augustus,
1294 751 1403 816 quia
1435 748 1599 813 haeresi

187 826 466 891 Eutycianae
490 825 703 883 favebat,
735 837 910 874 temere
940 845 1017 874 eos
1053 829 1189 891 cJecit
1207 864 1219 885 ,
1247 839 1294 876 et
1317 846 1449 894 papae
1477 829 1602 876 inter

189 914 356 950 caetera
376 903 637 950 rescribens
658 903 858 968 superbe
876 905 997 951 dixit
1019 925 1028 951 :
1050 905 1155 952 Nos
1167 906 1333 971 jubere
1352 907 1597 966 volumus,

190 1000 286 1029 non
302 981 482 1047 juberi.
512 982 622 1031 Non
640 983 794 1031 multo
818 994 926 1047 post
950 994 1073 1030 nutu
1091 984 1174 1030 Dei
1200 984 1401 1031 fulmine
1418 1002 1605 1048 percus-

189 1078 264 1106 sus
290 1060 488 1107 interiit.
515 1060 727 1107 Justinus
750 1078 865 1108 vero
889 1060 1146 1109 catholicus
1173 1072 1281 1126 post
1300 1079 1407 1109 eum
1433 1063 1618 1128 regna-4

190 1138 282 1194 vit,
322 1148 369 1185 et
404 1157 535 1203 papae
565 1139 703 1202 jussis
742 1139 948 1187 libenter
983 1141 1032 1186 in
1072 1139 1294 1188 omnibus
1330 1141 1514 1205 paruit,
1558 1151 1606 1189 et

189 1214 482 1262 Germanum
522 1215 795 1279 Capuanum
835 1217 1142 1281 episcopum,
1183 1216 1394 1282 aliosque
1435 1235 1458 1263 a
1499 1216 1605 1264 sede

189 1294 443 1359 apostolica
475 1294 639 1340 missos
669 1292 932 1341 honorifice
959 1295 1161 1358 suscepit
1172 1313 1185 1351 3
1221 1304 1362 1359 atque
1392 1311 1500 1340 cum
1523 1294 1605 1344 Vi-

191 1373 368 1420 taliano
405 1373 599 1420 consule
630 1383 677 1420 et
705 1372 1011 1420 multitudine
1039 1372 1387 1420 monachorum
1416 1382 1463 1420 et
1494 1372 1607 1432 illu-

190 1452 360 1497 strium
389 1451 628 1508 virorum,
661 1469 683 1496 a
711 1451 913 1498 Castello
947 1450 1174 1498 Rotundo
1200 1468 1350 1516 usque
1373 1452 1607 1498 Constan-

191 1528 446 1591 tinopolim
483 1527 636 1573 (luxit.
681 1528 818 1573 Tunc
857 1526 1050 1592 quidam
1089 1528 1147 1574 de
1186 1528 1314 1574 clero
1355 1527 1606 1591 complices

191 1605 374 1651 Achatii
409 1604 488 1650 tali
523 1604 688 1669 gloriae
711 1606 932 1669 nequiter
961 1605 1259 1662 inviderunt,
1287 1615 1334 1652 et
1363 1605 1410 1651 in
1436 1606 1603 1669 majori

192 1683 381 1730 ecclesia
407 1683 592 1729 Sanctae
621 1681 810 1746 Sophiae
836 1700 883 1730 se
917 1682 1283 1740 concluserunt,
1312 1682 1606 1747 consilioque

191 1759 318 1807 facto
367 1761 641 1824 imperatori
681 1759 1028 1807 mandax-crunt
1070 1760 1200 1825 quod
1247 1760 1337 1807 nisi
1383 1759 1605 1807 Achatius

190 1855 358 1886 eorum
381 1838 626 1902 episcopus
650 1837 713 1885 eis
738 1836 982 1885 absolutus
1013 1837 1307 1897 redderetur,
1335 1837 1605 1903 apostolicae

191 1917 285 1963 sedi
318 1933 417 1963 non
448 1915 842 1980 obsequerentur.
872 1917 1010 1962 Tunc
1043 1916 1306 1964 Clodoveus
1339 1914 1419 1964 rex
1452 1917 1608 1964 Fran—

192 2012 359 2042 corum
385 1993 666 2040 christianus
700 1995 846 2041 factus
875 2004 973 2054 est,
1004 2005 1052 2042 et
1082 1994 1264 2042 donum
1290 1994 1431 2042 beato
1464 1995 1606 2042 Petro

192 2074 408 2139 apostolo
431 2090 539 2119 cum
563 2073 758 2138 gemmis
782 2073 998 2137 pretiosis
1017 2073 1162 2119 misit.
1187 2071 1415 2119 Praefatus
1440 2090 1555 2137 papa
1579 2091 1604 2119 a

195 2151 443 2199 consulatu
464 2151 704 2198 Senatoris
728 2168 875 2216 usque
893 2151 950 2197 ad
968 2149 1307 2216 Symmachum
1323 2162 1369 2198 et
1385 2150 1604 2198 Boetium

194 2230 386 2287 floruit,
412 2239 458 2277 et
483 2230 726 2294 episcopos
748 2246 832 2293 per
856 2228 1033 2275 diversa
1053 2229 1153 2277 loca
1175 2245 1376 2276 numero
1395 2245 1454 2276 LV
1477 2227 1605 2275 ordi-

197 2414 278 2454 part
292 2406 354 2441 des
369 2406 450 2440 faits
464 2406 692 2440 mentionnes
705 2404 794 2438 dans
807 2417 847 2439 ce
860 2404 1085 2452 paragraphe
1096 2412 1196 2448 sont,
1213 2404 1317 2439 sinon
1328 2403 1436 2438 d'une
1449 2401 1603 2437 authen-

142 2497 145 2501 .
197 2468 299 2502 ticite
320 2465 519 2512 complete,
544 2478 587 2499 au
608 2465 725 2500 moins
742 2465 944 2504 conformes
967 2478 1037 2499 aux
1058 2465 1250 2500 traditions
1272 2475 1407 2511 reques.
1428 2462 1602 2508 L’hymnc

198 2528 261 2563 des
285 2539 394 2573 anges
420 2533 473 2560 est
500 2525 531 2559 lc
562 2526 688 2560 Gloria
713 2528 749 2560 in
775 2527 944 2569 excelsis,
970 2537 1111 2560 comme
1130 2532 1235 2560 notre
1253 2530 1382 2558 auteur
1406 2521 1449 2556 l’a
1472 2522 1527 2557 dit
1548 2524 1601 2558 ci·-

198 2587 401 2633 dessus}*(p.
429 2583 533 2631 389),
564 2588 582 2619 a
609 2585 797 2620 l'occasion
823 2585 931 2620 d'une
955 2586 1185 2620 enonciation
1209 2581 1489 2618 contradictoire
1519 2594 1601 2617 avec

200 2648 356 2683 celle-ci.
379 2647 596 2692 Syminaque
622 2645 677 2679 sut
707 2647 852 2680 enterre
872 2657 954 2680 sous
981 2645 1013 2680 le
1034 2645 1169 2691 porche
1189 2642 1233 2678 de
1251 2642 1509 2677 Saint-Pierre.

240 2710 291 2753 (ι)
318 2708 413 2742 Liscz
436 2723 440 2738 τ
470 2704 696 2739 Theoderici.
