1738 3043
662 220 818 259 LIBER
851 221 1059 260 PRIMUS.
1523 232 1565 265 (Η

142 310 296 364 Juxla
327 299 436 345 illos
466 300 515 344 in
543 299 755 344 vestibus
787 298 939 355 albis,
973 302 1058 364 qui
1085 310 1128 346 et
1156 301 1384 349 dixerunt
1416 322 1426 348 :
1464 305 1519 350 V
1516 306 1574 350 iri

157 376 387 430 Galc'loec',
415 375 537 440 quid
557 376 693 422 statis
723 377 1012 441 uspicientes
1041 380 1090 423 ιή
1119 377 1331 426 coelum?
1359 380 1461 427 Hic
1487 381 1574 427 Je-

153 474 260 512 sus,
289 455 376 518 qui
403 465 678 520 assumptus
703 465 771 500 est
796 473 827 500 α
856 454 994 501 vobis
1023 458 1073 501 in
1097 456 1299 515 coelum,
1327 461 1397 504 sic·
1419 460 1576 505 veniet

152 530 561 595 quemadmodum
582 530 779 577 vidistis
803 549 910 578 eum
931 544 1118 578 euntem
1142 535 1191 579 in
1217 535 1407 581 eoelum.
1438 536 1576 582 Tune

152 611 323 657 reversi
352 620 462 655 sunt
497 610 851 674 Jet·oso(y·mam
887 629 918 657 α
954 621 1112 657 monte
1152 611 1346 671 Oliveti,
1385 614 1472 677 qui
1507 625 1576 659 est

141 687 295 748 juccta
320 686 621 746 Jerusalem,
645 687 841 734 sabbati
862 687 1044 735 habens
1072 694 1173 735 iter.
1213 688 1282 735 Ibi
1300 728 1310 746 ,
1344 700 1397 736 ut
1428 694 1575 736 Lucas

151 774 375 824 testatur,
404 764 563 813 fideles
592 765 809 830 discipuli
842 765 1090 832 triumpho
1125 767 1331 814 coelestis
1362 768 1575 831 magistri

149 842 415 908 specialiter
438 842 728 909 gaudebant,
756 844 802 890 in
831 845 1012 909 templo
1037 856 1084 892 et
1107 846 1155 892 in
1177 845 1428 892 coenaculo
1451 863 1574 891 una-

148 921 346 969 nimiter
370 922 418 968 in
444 922 661 970 oratione
684 921 1077 986 perseverabant,
1105 934 1152 970 et
1175 923 1464 987 promissum
1484 923 1576 968 Pa-

148 1001 235 1047 tris
270 1018 357 1065 per
379 1000 582 1058 Filium,
621 1001 745 1047 sicut
777 1001 874 1065 ipse
905 1003 1130 1065 jusserat,
1169 1002 1319 1048 securi
1351 1012 1575 1066 expecta-

148 1076 266 1124 bant
301 1078 392 1142 (1).
431 1078 601 1125 Omnia
631 1078 784 1135 enim,
819 1095 929 1143 quae
952 1076 1011 1124 ab
1037 1078 1119 1126 illo
1148 1077 1418 1134 audierant,
1447 1088 1575 1125 certa

147 1172 347 1219 operum
367 1155 664 1203 exhibitione
689 1155 1120 1220 comprobaverant
1136 1192 1149 1213 ,
1172 1166 1219 1203 et
1243 1156 1393 1203 oculis
1418 1157 1575 1203 mani-

147 1233 262 1281 feste
279 1236 377 1299 jam
413 1235 648 1299 completa
686 1244 1041 1300 perspexerant.
1075 1235 1198 1282 Nam
1226 1235 1349 1281 sicut
1379 1251 1489 1281 eum
1525 1235 1575 1281 in

145 1313 361 1376 passione
390 1313 489 1360 dira
525 1313 872 1372 toleraturum,
914 1314 1165 1379 ipsumque
1188 1314 1327 1360 tertia
1353 1313 1429 1360 die
1466 1330 1576 1359 cum

144 1391 343 1439 victoria
378 1402 788 1449 resurrecturum,
828 1410 883 1439 ex
915 1409 998 1440 ore
1029 1392 1154 1438 illius
1182 1392 1463 1456 plerumque
1495 1409 1577 1438 au-

144 1469 356 1528 dierant3
393 1471 458 1517 sic
483 1471 665 1518 devicta
690 1481 848 1519 morte
873 1473 972 1536 jam
997 1470 1319 1518 immortalem
1348 1471 1459 1517 vitae
1489 1469 1575 1517 da-

145 1559 301 1597 torem
331 1549 426 1597 laeti
461 1560 725 1615 aspectant3
754 1551 953 1615 ipsoque
987 1568 1126 1615 super
1162 1549 1312 1597 coelos
1339 1549 1571 1605 exaltato,

144 1637 191 1674 et
226 1628 378 1675 Patris
407 1628 464 1675 ad
499 1629 743 1676 dexteram
780 1628 1000 1686 sedente,
1039 1627 1246 1675 feliciter
1284 1626 1570 1692 tripudiant.

143 1705 313 1772 Angeli
344 1724 536 1772 quoque
566 1708 616 1754 in
650 1706 767 1754 albis
796 1706 1002 1755 vestibus
1026 1716 1334 1772 apparentes,
1363 1716 1409 1753 et
1438 1704 1573 1751 Gali—

144 1785 256 1832 laeos
299 1804 408 1832 cum
457 1787 772 1835 admiratione
811 1787 945 1834 coelis
991 1787 1203 1833 intentos
1244 1785 1570 1850 alloquenteS,

145 1862 423 1926 angelorum
467 1862 817 1928 hominumque
856 1863 1081 1928 gaudium
1109 1862 1383 1927 designant,
1412 1871 1458 1907 et
1489 1878 1573 1925 ge-

146 1939 353 1985 neralem
390 1942 487 2003 ejus
527 1941 575 1986 in
602 1940 696 1987 fine
725 1940 883 1986 saeculi
922 1940 1179 1986 adventum
1211 1939 1267 1985 ad
1295 1937 1572 2001 judicandas

145 2026 307 2080 gentes
335 2016 641 2063 denuntiant.

209 2095 375 2142 Petrus
404 2104 451 2141 et
479 2095 712 2152 Joannes,
745 2093 949 2141 Jacobus
983 2105 1029 2140 et
1061 2093 1297 2148 Andreas,
1326 2089 1573 2155 Philippus

143 2182 191 2219 et
217 2172 451 2230 Thomas,
478 2173 858 2220 Bartholomaeus
885 2183 932 2219 et
959 2171 1240 2227 Matthaeus,
1262 2168 1466 2215 Jacobus
1486 2169 1571 2215 Al-

142 2249 267 2315 phaei
305 2260 352 2298 et
390 2251 555 2298 Simon
595 2251 781 2299 Zelotes
811 2261 857 2298 et
888 2250 1028 2297 Judas
1061 2248 1253 2305 Jacobi,
1299 2248 1380 2313 qui
1422 2264 1572 2312 usque

144 2327 193 2374 in
220 2328 365 2376 finem
388 2346 498 2375 cum
527 2329 736 2376 Domino
765 2330 873 2376 Jesu
907 2335 1297 2394 permanserunt,
1330 2325 1391 2371 sal
1428 2334 1569 2371 terrae

144 2415 191 2453 et
212 2406 295 2453 lux
318 2406 484 2454 mundi
511 2406 571 2453 ab
598 2408 699 2472 ipso
721 2407 939 2472 appellati
967 2417 1101 2463 sunt;
1135 2405 1428 2469 meritoque,
1458 2403 1568 2468 quia

144 2485 378 2532 mundum
399 2495 785 2545 contemnentes,
814 2487 1005 2551 vestigia
1034 2488 1130 2549 ejus
1159 2493 1442 2538 tenuerunt,
1470 2499 1568 2528 rec-

147 2571 271 2611 tores
290 2562 445 2621 orbis,
473 2563 712 2627 etjudiees
733 2564 889 2610 saeculi
914 2564 1143 2610 divinitus
1163 2561 1411 2610 constituti
1434 2570 1562 2605 sunt.

194 2743 243 2787 (ι)
265 2744 350 2778 Luc.
379 2757 481 2783 xxiv,
513 2745 572 2787 52,
607 2744 671 2787 553
706 2747 786 2780 Act.
816 2754 931 2793 apost.
963 2759 993 2784 ι,
1022 2749 1116 2787 ι-ιιξ.
