1738 3043
152 191 232 231 384
518 190 759 229 HISTORIA
793 190 1193 233 ECCLESIASTICA.

157 270 449 334 Vespasiani,
474 269 632 316 Cletus
653 287 765 317 vcro
785 272 1112 334 persecutione
1132 290 1289 338 passus
1308 283 1376 321 est
1395 275 1562 322 Domi-

156 350 269 395 tiani
298 350 387 412 (ι).

219 426 435 473 Clemens
471 427 711 472 Romanus
745 425 801 473 de
836 426 990 473 Coelio
1022 440 1184 475 monte
1213 429 1311 493 (2),
1344 446 1400 476 ex
1431 440 1564 494 patre

154 502 405 559 Faustino,
435 501 553 549 sedit
579 503 715 549 annis
751 519 779 549 x
806 503 1046 550 mensibus
1075 521 1107 550 11
1142 503 1308 552 diebus
1340 523 1370 552 x
1404 516 1452 553 et
1475 505 1563 553 sub

156 581 362 644 Trajano
383 580 429 626 in
446 598 573 627 mare
590 581 911 645 praecipitatus
930 593 997 628 est
1017 592 1085 628 1x⁰
1106 583 1197 629 kal.
1217 582 1499 641 decembris,
1516 593 1565 631 et

151 659 345 705 cessavit
369 659 662 722 episcopatus
687 658 850 706 diebus
876 676 979 707 xxi.
1008 661 1094 706 llic
1119 660 1414 726 disciplinam
1437 660 1562 708 beati

150 735 276 782 Petri
311 735 510 799 apostoli
538 746 749 791 secutus,
776 734 1018 782 bonorum
1052 737 1343 784 ornamentis
1373 754 1565 785 morum

155 812 405 877 insigniter
431 811 664 876 pollebat,
697 822 743 858 et
765 811 828 859 ob
854 811 944 859 hoc
968 813 1141 860 Judaeis
1170 825 1216 861 et
1239 813 1495 879 gentilibus
1517 825 1564 862 et

149 889 373 936 omnibus
392 889 670 935 Christianis
690 889 1013 953 complacebat
1027 927 1038 949 ,
1058 908 1264 955 quorum
1289 892 1452 956 inopes
1472 908 1563 939 no-

151 968 371 1014 minatim
400 967 601 1031 scriptos
628 966 857 1025 hahebat,
883 986 970 1015 nec
996 969 1365 1017 sanctificatione
1384 968 1562 1034 baptis-

150 1046 288 1092 matis
327 1045 579 1092 mundatos
621 1044 827 1110 publicae
868 1045 1161 1093 mendicitati
1198 1046 1432 1111 subjectos
1467 1063 1563 1094 esse

147 1122 346 1170 sinebat.
379 1122 584 1169 Flaviam
609 1123 868 1170 Domitiam
888 1123 1146 1189 virginem,
1175 1123 1434 1171 Domitiani
1459 1125 1560 1172 Cae-

149 1203 262 1248 saris
291 1212 483 1266 neptem
509 1212 556 1248 et
581 1201 758 1249 Aurelii
782 1219 1028 1266 sponsam,
1055 1219 1186 1250 sacro
1204 1202 1434 1250 velamine
1451 1219 1562 1251 con-

147 1279 344 1326 secravit
371 1280 473 1343 (3);
496 1290 543 1326 et
566 1278 866 1327 Theodoram
891 1280 1082 1327 Sisinnii
1102 1281 1288 1328 comitis
1312 1283 1561 1346 conjugem

149 1356 197 1402 in
217 1358 466 1421 proposito
485 1358 708 1409 castitatis
732 1358 1049 1406 confirmavit.
1073 1359 1225 1420 Quam
1243 1360 1317 1406 vir
1332 1377 1441 1406 suus
1460 1359 1560 1408 zelo

147 1431 318 1479 ductus
351 1433 593 1481 ecclesiam
632 1434 891 1482 intrantem
930 1436 1116 1483 occulte
1149 1446 1426 1500 prosecutus
1460 1446 1530 1484 est
1541 1454 1556 1494 ;

149 1510 228 1557 sed
251 1529 274 1556 a
295 1511 538 1558 Clemente
558 1511 677 1558 facta
701 1513 945 1571 oratione,
973 1515 1132 1559 statim
1157 1530 1305 1560 caecus
1326 1523 1373 1560 et
1393 1513 1560 1559 surdus

148 1588 341 1635 effectus
365 1600 450 1635 est.
479 1589 694 1654 Cumque
713 1591 832 1637 servi
853 1592 950 1654 ejus
972 1590 1146 1637 vellent
1164 1607 1272 1636 eum
1289 1589 1346 1636 de
1369 1590 1558 1637 ecclesia

146 1666 339 1729 ejicere,
371 1665 451 1712 diu
483 1676 704 1731 gyrantes
729 1684 814 1731 per
845 1667 1098 1713 circuitum
1121 1669 1318 1731 januam
1343 1683 1444 1715 non
1466 1683 1559 1731 po-

146 1753 347 1790 tuerunt
374 1745 613 1801 invenire,
647 1744 798 1792 donec
824 1743 1074 1792 Theodora
1098 1762 1188 1809 pro
1217 1744 1322 1791 viro
1348 1761 1434 1792 suo
1456 1744 1557 1791 fusa

145 1819 361 1870 obtinuit
378 1823 595 1870 oratione
619 1832 672 1868 ut
697 1823 793 1888 ipse
819 1840 928 1870 cum
951 1822 1109 1887 pueris
1131 1822 1224 1869 suis
1249 1821 1357 1870 inde
1379 1823 1559 1887 potuis-

146 1909 215 1948 set
240 1900 384 1947 exire.
406 1899 490 1947 llle
514 1900 706 1946 tandem
728 1900 785 1946 ad
807 1899 1004 1946 domum
1028 1898 1307 1964 perductus,
1341 1899 1390 1946 in
1421 1900 1560 1946 caeci-

191 2079 242 2123 (1)
267 2075 327 2122 (25
346 2076 578 2124 septembre?
596 2076 738 2125 78-91.)
751 2077 801 2112 Ce
815 2089 906 2124 pape
921 2089 939 2111 a
957 2078 1014 2112 ete
1031 2076 1157 2123 appele
1172 2077 1265 2111 aussi
1279 2076 1374 2111 saint
1387 2075 1556 2121 Anaclet,

144 2143 180 2171 et
198 2135 316 2171 meme
334 2147 400 2182 par
419 2135 469 2169 les
487 2136 603 2170 Grecs
621 2137 713 2170 saint
728 2135 915 2171 Anenclet.
936 2136 1128 2170 L'histoire
1143 2135 1188 2170 de
1202 2147 1259 2170 ces
1273 2134 1366 2170 deux
1380 2135 1557 2182 premiers

145 2207 371 2231 successeurs
386 2195 431 2231 de
450 2196 544 2230 saint
556 2196 682 2232 Pierre
701 2203 755 2231 est
771 2197 844 2231 sort
860 2196 1026 2231 obscure.
1047 2196 1237 2243 L‘opinion
1251 2195 1296 2230 de
1313 2195 1424 2230 Rufin
1441 2195 1558 2241 parait

143 2255 258 2289 n'etre
278 2266 340 2300 pas
364 2253 514 2296 sondee3
535 2255 625 2289 mais
649 2254 681 2289 le
706 2254 770 2289 fait
794 2267 859 2301 par
878 2253 996 2301 lequel
1016 2260 1120 2289 notre
1139 2260 1270 2288 auteur
1286 2252 1320 2288 la
1336 2253 1481 2289 combat
1502 2259 1557 2305 est

142 2313 354 2356 lui-meme,
377 2325 518 2348 comme
532 2325 622 2348 nous
638 2325 772 2348 venons
788 2314 833 2348 de
850 2313 883 2348 le
901 2313 999 2357 dire,
1020 2314 1094 2348 tres
1108 2313 1282 2348 douteux.

191 2372 242 2417 (α)
265 2371 469 2405 Ττοὶείὺῐηρ
488 2373 651 2419 quartier
669 2373 714 2407 de
738 2372 854 2407 Rome
878 2372 967 2407 dans
991 2373 1022 2407 la
1042 2372 1196 2408 division
1221 2371 1488 2418 ecclesiastique
1509 2369 1555 2405 de

144 2437 239 2465 cette
256 2429 350 2464 ville.
372 2429 401 2463 ll
425 2441 461 2463 se
480 2432 679 2477 composait
696 2431 741 2466 de
766 2431 798 2466 13
817 2432 1006 2467 deuxieme
1023 2440 1060 2468 et
1083 2432 1128 2468 de
1149 2431 1183 2467 la
1200 2431 1406 2479 cinquieme
1427 2429 1554 2476 region

143 2491 188 2525 de
207 2490 239 2524 la
259 2490 560 2535 circonscription
581 2490 795 2538 d'Auguste.

189 2548 239 2594 (3)
268 2549 321 2583 En
333 2556 530 2595 supposant
548 2562 631 2584 avec
648 2543 793 2597 l'Eglise
810 2564 882 2599 que
895 2557 988 2586 cette
1006 2550 1120 2585 sainte
1135 2549 1185 2584 ait
1202 2547 1410 2583 reellement
1422 2547 1551 2590 existe,

143 2608 211 2642 elle
229 2619 315 2642 aura
329 2608 387 2642 ete
404 2607 435 2641 la
451 2608 552 2642 nicee
563 2635 571 2650 ‚
593 2621 666 2644 non
685 2609 730 2644 de
745 2611 929 2646 Domitien
942 2638 952 2654 ‚
972 2609 1061 2644 mais
1075 2609 1119 2643 de
1135 2606 1276 2643 Flavius
1293 2605 1473 2647 Clemens,
1489 2617 1554 2640 son

144 2668 269 2703 cousin
285 2666 447 2714 germain
461 2695 470 2709 ‚
489 2669 613 2702 consul
629 2682 674 2704 en
689 2670 745 2705 82.
764 2670 1121 2705 Malheureusement
1133 2677 1223 2701 nous
1238 2665 1320 2699 n'en
1334 2676 1442 2699 avons
1451 2664 1535 2699 d'au

142 2734 215 2760 tres
228 2732 370 2772 garants
381 2738 452 2773 que
465 2725 513 2761 les
526 2733 621 2762 actes
633 2729 705 2764 tres
716 2735 876 2775 suspects
887 2728 932 2764 de
940 2728 1033 2763 saint
1043 2726 1159 2762 Neree
1169 2723 1261 2761 etde
1273 2723 1366 2759 saint
1375 2723 1550 2760 Achillee.
