1738 3043
562 217 717 256 LlBER
746 216 1029 256 SECUNDUS.
1435 219 1515 257 315

84 297 207 345 ultra
233 297 514 362 contingere
547 296 743 344 thorum
767 296 855 343 viri
881 297 969 344 sui.
1009 298 1158 344 Iratus
1189 297 1348 362 itaque
1373 296 1514 344 Cari-

83 376 179 423 sius
202 377 414 441 perrexit
437 375 493 422 ad
516 393 702 441 regem,
730 385 777 422 et
802 375 1075 440 impetravit
1101 374 1160 422 ab
1187 392 1244 422 eo
1278 385 1332 422 ut
1356 385 1516 423 tentus

83 454 326 519 apostolus
348 455 623 501 mitteretur
644 454 691 500 in
718 471 973 501 carcerem.
1003 454 1183 501 Sintice
1202 463 1360 500 autem
1384 454 1517 520 Myg-

84 533 279 582 doniam
299 534 355 580 ad
376 551 614 581 carcerem
631 531 769 579 duxit
784 568 797 589 ,
817 542 865 580 et
882 532 995 580 dato
1009 550 1208 580 munere
1225 533 1515 589 carcerario,

84 611 143 658 ad
169 629 280 660 eum
304 612 520 659 intravit.
548 610 835 676 Apostolus,
873 610 1031 658 audita
1065 611 1345 658 credulitate
1377 612 1520 677 Myg-

85 689 273 750 doniae,
300 691 442 755 jussit
475 700 530 739 ut
566 689 614 737 in
650 687 850 737 domum
881 706 1013 735 suam
1044 692 1141 736 cito
1177 699 1517 746 reverteretur,

88 766 251 833 ibique
275 769 323 813 in
345 765 569 814 cubiculo
591 765 750 814 clauso
770 767 925 831 ipsum
944 765 1323 830 praestolaretur.
1350 765 1519 813 Mediae

87 861 204 892 xero
229 845 386 892 noctis
418 853 636 909 tempore
665 843 907 908 apostolus
939 844 1101 901 affuit,
1129 843 1360 908 promissa
1388 860 1523 890 com-

87 923 225 988 plens
249 940 483 971 cameram
519 923 742 980 intravit,
778 921 1089 988 Mygdoniam
1117 921 1440 982 confortavit,
1472 922 1521 967 in

90 999 182 1048 fide
201 1001 434 1060 erudivit,
458 1013 637 1066 septem
657 999 1051 1065 diebusjejunare
1068 1000 1315 1065 praecepit.
1343 999 1524 1047 Octavo

89 1090 252 1127 autem
269 1079 345 1126 die
364 1079 536 1126 iterum
561 1079 782 1126 similiter
800 1079 969 1136 rediit,
994 1089 1041 1126 et
1062 1078 1251 1126 fidelem
1270 1078 1522 1138 feminam,

92 1175 203 1204 cum
239 1156 466 1204 omnibus
503 1158 586 1222 qui
630 1157 959 1215 crediderant,
1000 1157 1275 1222 baptizavit.
1322 1157 1525 1204 Carisius

92 1246 276 1294 autem,
305 1238 437 1300 cujus
463 1254 678 1284 sororem
705 1236 920 1284 Mesdeus
950 1254 1033 1284 rex
1066 1235 1268 1283 habebat
1293 1254 1521 1294 uxorem,

93 1315 234 1379 petiit
264 1324 319 1360 ut
343 1315 539 1379 Treptia
569 1315 730 1380 regina
756 1316 1033 1363 mitteretur
1059 1316 1116 1362 ad
1140 1333 1268 1362 suam
1295 1333 1523 1371 uxorem,

94 1404 330 1458 quatenus
364 1411 448 1457 per
471 1411 573 1441 eam
598 1404 904 1442 revocaretur
926 1393 983 1441 ad
1015 1393 1211 1441 thorum
1239 1394 1524 1440 maritalem.

95 1470 312 1518 Mesdeus
330 1488 412 1518 rex
434 1471 685 1519 concessit.
709 1472 903 1536 Treptia
924 1472 1086 1536 regina
1104 1472 1341 1537 perrexit,
1363 1472 1530 1517 astutis

98 1549 341 1597 blanditiis
365 1550 678 1616 Mygdoniam
699 1552 957 1609 convenit,
980 1562 1181 1617 totoque
1206 1553 1315 1598 nisu
1337 1551 1395 1598 ad
1415 1551 1534 1616 pris-

99 1630 251 1677 tinam
283 1630 698 1677 conversationem
730 1630 973 1678 retrahere
1005 1630 1206 1677 studuit.
1242 1630 1424 1677 Verum
1454 1629 1531 1676 illa

93 1711 191 1774 jam
222 1709 271 1756 in
304 1707 498 1757 Christo
529 1708 725 1756 fundata
757 1709 954 1757 fortiter
985 1710 1187 1766 restitit,
1215 1712 1411 1775 jamque
1442 1707 1533 1756 fide

98 1785 240 1833 fortis
264 1784 486 1833 bellatrix
511 1786 818 1850 repugnavit,
847 1797 894 1833 ct
913 1787 1129 1851 reginam
1151 1786 1339 1833 ratione
1359 1786 1537 1831 victam

101 1863 159 1911 ad
191 1864 436 1911 Christum
471 1875 663 1911 strenue
699 1864 951 1928 compulit.
980 1864 1117 1910 Dulci
1156 1865 1286 1911 enim
1317 1864 1462 1909 affatu
1493 1863 1535 1910 ei

103 1942 378 2008 respondit,
406 1944 503 2006 ejus
530 1942 692 1989 animo
715 1960 927 1990 amorem
959 1941 1161 2006 apostoli
1187 1941 1388 1988 solerter
1420 1941 1537 2004 inje-

106 2023 197 2080 cit,
227 2033 273 2069 et
294 2021 355 2067 ita
377 2019 682 2085 praedicando
701 2020 914 2067 mulieris
936 2038 1020 2069 cor
1039 2021 1135 2067 cito
1160 2019 1426 2084 supposuit.
1456 2018 1539 2065 Ait

106 2101 236 2149 euim
259 2121 269 2148 :
300 2100 341 2146 O
366 2118 500 2147 somr
524 2100 749 2166 Treptia,
775 2103 821 2147 si
837 2101 984 2147 scires
1004 2117 1114 2165 quse
1129 2117 1218 2164 ego
1239 2099 1423 2156 didici,
1443 2116 1539 2146 non

107 2179 350 2227 hominem
369 2189 566 2244 putares
587 2195 719 2236 esse,
745 2178 834 2225 sed
855 2178 1015 2224 deum.
1043 2178 1220 2224 Sardis
1245 2178 1370 2224 enim
1401 2177 1545 2223 audi-

110 2268 210 2304 tum
249 2256 435 2312 reddit,
477 2255 681 2302 salutem
719 2256 942 2303 omnibus
979 2256 1279 2320 oegrimom'is
1314 2255 1516 2301 restituit
1525 2275 1543 2311 ,-

113 2335 385 2400 aliquando
409 2336 552 2382 etiam
579 2346 790 2382 mortuos
820 2335 890 2381 acl
911 2336 1065 2381 vitam
1101 2334 1414 2380 resuscitavit.
1446 2333 1548 2379 Hic

114 2414 322 2461 ostendit
350 2414 550 2460 alteram
581 2415 737 2460 vitam
767 2413 1111 2470 immortalem,
1143 2413 1357 2459 nesciam
1388 2412 1545 2457 ominis

115 2491 298 2539 doloris
313 2529 329 2549 ,
355 2492 606 2555 omnisque
628 2492 850 2538 tristitiae.
881 2492 944 2538 In
973 2490 1068 2537 hac
1091 2492 1238 2537 etiam
1261 2501 1400 2536 nocte
1423 2507 1547 2534 mm·-

117 2584 224 2619 taas
247 2571 309 2618 ab
333 2589 387 2619 eo
413 2572 725 2618 resuscitatus
752 2581 833 2616 est.
859 2571 999 2617 svam
1019 2570 1125 2616 dua·
1140 2569 1349 2615 militum
1369 2565 1547 2632 Simsb-

120 2669 198 2697 rus
235 2650 305 2698 acl
339 2668 575 2696 carcerem
613 2649 757 2705 abiit,
798 2667 829 2694 a
864 2649 1151 2696 carcerariis
1185 2647 1458 2714 apostolum
1498 2648 1546 2691 in

103 2727 214 2790 side
243 2746 332 2774 saa
357 2730 567 2794 suscepit
598 2739 639 2774 ct
665 2731 711 2773 ite
740 2726 932 2773 domum
968 2745 1106 2773 suam
1135 2726 1294 2774 (lux-il.
1324 2726 1436 2789 lpse
1467 2742 1553 2769 mc-
