1738 3043
547 243 699 281 LlRER
728 242 1008 282 SECUNDUS.
1412 252 1485 286 287

63 342 156 390 pro
190 324 327 370 nolus
356 325 652 387 majestatem
687 323 910 377 Domini,
950 334 999 368 ut
1033 324 1174 369 donet
1205 324 1339 371 nobis
1373 344 1488 373 vera

71 403 176 450 luce
191 403 398 469 perflui.
427 403 599 446 Amen.

136 479 194 526 V.
221 477 423 525 Jacobus
443 489 491 524 et
513 479 744 534 JoanneS,
771 476 854 523 filii
879 476 1120 535 Zebedaei,
1147 498 1169 525 a
1193 479 1384 529 Christo
1407 500 1487 546 ap-

69 555 228 620 pellati
250 565 361 601 sunt
380 557 667 618 Boanerges,
693 553 789 600 sive
814 564 867 599 ut
890 554 1057 601 melius
1082 555 1253 619 legitur
1275 578 1284 603 ;
1308 560 1487 607 Boane—

71 650 198 680 reem
231 633 302 696 (ι)
320 668 331 688 ,
363 632 407 677 id
432 642 500 678 est
513 631 622 695 filia·
647 631 871 688 tonz'trm’‚·
897 649 951 678 ex
978 631 1203 680 firmitate
1236 645 1283 681 et
1312 637 1488 700 magni-

72 709 236 757 tudine
254 709 360 756 fidei
376 745 386 764 ,
408 727 498 774 qua
519 719 779 756 tenuerunt
799 708 1138 758 inviolabiliter
1155 722 1202 758 et
1221 711 1488 760 docuerunt

70 788 420 835 immaculatam
461 788 611 852 legem
653 788 864 835 Domini.
907 787 1109 836 Jacobus
1150 792 1492 856 supplantator·

70 866 434 930 interpretatur,
468 867 672 913 Joannes
709 883 822 913 vero
854 867 952 913 Dec·
982 871 1169 932 gratia,
1203 869 1272 916 vel
1308 871 1358 916 in
1395 889 1489 935 quo

66 956 138 991 est
157 946 340 1009 gratia.
366 944 540 991 Merito
568 944 703 991 electi
725 943 894 991 fratres
918 956 1013 991 tam
1043 946 1180 992 claris
1212 947 1489 995 nominibus

66 1022 261 1068 vocitati
298 1032 436 1079 sunt,
475 1022 557 1087 qui
598 1039 683 1086 per
716 1023 1150 1087 supplantationem
1182 1026 1414 1073 vitiorum
1440 1029 1486 1073 in

69 1100 221 1148 stadio
257 1100 436 1166 fragilis
474 1101 583 1147 vitae
625 1111 897 1148 tortuosum
933 1114 1201 1167 serpentem
1239 1104 1489 1170 insigniter

70 1180 313 1236 vicerunt,
349 1190 396 1226 et
432 1180 569 1226 amici
604 1180 685 1227 Dei
719 1181 937 1245 speciales
973 1182 1125 1228 effecti
1156 1193 1291 1239 sunt3
1320 1184 1491 1230 multi-—

67 1257 279 1323 plicique
307 1258 431 1304 illius
458 1258 605 1322 gratia
631 1258 828 1322 repleti,
857 1269 1064 1305 sanctam
1092 1271 1295 1308 matrem
1322 1262 1491 1309 Eccle-

68 1337 185 1383 siam
200 1337 412 1383 veritatis
429 1336 647 1384 doctrina
664 1336 1038 1384 illustraverunt.
1058 1338 1124 1385 De
1139 1338 1279 1386 beato
1293 1338 1488 1398 Jacobo,

67 1413 275 1478 qualiter
293 1414 342 1460 iu
357 1413 516 1460 Judaea
537 1423 584 1461 et
603 1414 809 1460 Samaria
832 1414 1238 1479 evangelizaverit,
1262 1427 1308 1463 et
1326 1415 1384 1462 ab
1402 1418 1492 1464 He-

68 1492 185 1540 rode
204 1491 467 1540 Aristoboli
493 1491 594 1539 filio
617 1492 928 1558 martyrium,
956 1493 1255 1558 principibus
1279 1494 1490 1542 sacerdo-

70 1578 174 1615 tum
213 1581 258 1616 et
297 1567 537 1633 pharisaeis
568 1568 921 1626 accusantibus,
957 1570 1236 1634 pertulerit,
1276 1572 1399 1618 sicut
1433 1571 1491 1617 al)

67 1646 276 1712 antiquis
318 1645 633 1711 scriptoribus
672 1645 855 1693 editum
894 1648 1078 1711 reperi,
1122 1648 1402 1713 simpliciter
1444 1650 1491 1695 in

66 1723 356 1789 praecedenti
383 1723 511 1772 libro
535 1725 607 1788 (2)
632 1723 960 1771 adbreviatum
985 1726 1093 1772 huic
1116 1727 1347 1790 opusculo
1373 1728 1491 1774 insc—

68 1803 162 1848 rui.
185 1802 328 1850 Nunc
346 1801 404 1848 de
421 1802 605 1848 Joanne
624 1800 847 1867 theologo
869 1803 960 1865 (3),
985 1804 1094 1849 Jesu
1120 1803 1295 1849 Christi
1319 1805 1490 1861 amico,

69 1881 244 1944 scripta
270 1880 502 1943 investigo
519 1914 533 1938 ,
567 1889 615 1927 et
639 1896 689 1926 ea
716 1877 926 1925 breviter
957 1879 1014 1925 ad
1046 1880 1232 1927 laudem
1266 1882 1386 1945 regis
1411 1883 1493 1927 Sa-

117 2103 168 2149 (1)
193 2103 300 2137 Cette
319 2101 524 2136 correction
544 2108 599 2136 est
616 2100 661 2135 de
679 2102 773 2136 saint
788 2102 947 2138 Jerome.

117 2162 168 2207 (2)
192 2161 244 2196 Ce
258 2161 349 2196 n’est
360 2173 423 2208 pas
437 2159 525 2194 dans
538 2160 570 2194 le
585 2160 673 2195 livre
688 2159 898 2207 precedent,
914 2161 1003 2195 mais
1017 2161 1106 2196 dans
1118 2161 1266 2197 celui-ci
1279 2190 1287 2205 ‚
1305 2175 1397 2210 page
1411 2163 1494 2207 215,

71 2232 143 2269 que
169 2228 276 2257 notre
298 2228 429 2256 auteur
454 2233 473 2255 a
497 2221 616 2255 insere
640 2233 712 2255 une
736 2220 890 2268 legende
918 2221 963 2256 de
987 2221 1080 2256 saint
1105 2222 1494 2269 Jacques-le-Majfflr,

72 2282 308 2328 empruntee,
330 2292 473 2315 comme
491 2292 583 2315 nous
603 2279 736 2315 l’avons
752 2280 824 2324 dit,
853 2293 897 2315 au
918 2281 1001 2316 saux
1021 2280 1172 2317 Abdias.
1191 2282 1253 2317 On
1270 2283 1379 2318 serait
1398 2287 1497 2319 tenne

74 2337 120 2374 de
135 2339 252 2374 croire
264 2368 272 2384 ‚
293 2339 435 2387 d'apres
454 2350 512 2374 ces
530 2346 624 2374 mots
642 2355 647 2373 :
667 2339 896 2387 proecedenli
913 2340 1024 2383 libro,
1045 2352 1117 2388 que
1134 2339 1223 2375 dans
1240 2340 1408 2388 l’origine
1432 2342 1456 2376 il
1473 2356 1494 2389 y

72 2397 166 2432 avait
178 2405 282 2433 entre
301 2410 359 2433 ces
376 2397 471 2432 deux
492 2408 655 2445 passages
673 2397 723 2432 du
747 2398 881 2433 second
903 2398 992 2433 livre
1011 2411 1082 2433 une
1106 2411 1286 2446 coupure,
1308 2401 1496 2447 peut-'etro

74 2456 194 2504 placee
214 2460 234 2493 a
259 2457 291 2493 la
310 2458 358 2493 fin
379 2457 424 2492 de
448 2458 480 2493 la
499 2459 647 2504 portion
664 2459 817 2493 extraite
839 2458 902 2494 des
922 2460 1036 2494 Actes
1056 2458 1122 2493 des
1143 2459 1317 2506 Apdlrm.
1338 2460 1435 2494 Dans
1463 2460 1495 2494 lc

74 2517 274 2551 manuscrit
299 2516 345 2553 de
361 2509 652 2559 Saint-Evroult,
684 2516 708 2550 il
732 2517 843 2552 existe
860 2530 933 2553 une
951 2517 1079 2553 lacune
1096 2517 1205 2553 d‘une
1230 2530 1321 2566 page
1340 2519 1444 2565 apres
1463 2517 1494 2550 1«-

75 2576 301 2623 paragraphe
321 2576 445 2611 relatis
460 2579 478 2611 a
498 2577 612 2611 sainte
632 2576 841 2612 petronille.

121 2633 172 2681 (3)
197 2635 259 2671 On
272 2648 290 2670 a
309 2635 390 2683 deja
411 2649 459 2683 pu
478 2649 693 2684 remarquer
710 2636 800 2670 dans
817 2636 850 2671 le
873 2637 1032 2683 premier
1049 2636 1137 2673 livre
1161 2649 1201 2672 ce
1225 2638 1311 2672 titre
1329 2638 1374 2672 de
1395 2637 1494 2671 then-

76 2693 201 2740 logus,
219 2706 290 2742 que
309 2702 415 2730 notre
431 2703 561 2731 auteur
576 2708 612 2731 se
631 2695 720 2743 plait
738 2698 757 2730 a
775 2696 917 2730 donner
930 2698 950 2730 a
966 2697 1060 2731 saint
1072 2697 1161 2731 Jean
1182 2688 1436 2743 l'Evangeliste
1449 2724 1457 2737 ‚
1479 2699 1495 2728 ii

79 2753 265 2801 l’exeinple
280 2755 331 2790 du
350 2757 488 2791 concile
507 2749 686 2804 ‹l’illphtssc
705 2764 736 2791 «⁸2
757 2757 802 2792 (lc
819 2757 999 2804 plusieurs
1013 2758 1158 2793 ancieus
1175 2759 1295 2794 Peres.
1312 2757 1407 2793 C’cst
1428 2769 1498 2790 un«-
