1738 3043
575 263 728 302 LIBER
760 263 967 303 PRIMUS.
1410 267 1483 304 143

60 344 268 412 synodus
320 343 597 391 universalis
650 344 1071 409 Constantinopoli
1125 345 1380 403 celebrata,
1439 358 1486 393 et

57 440 216 488 graeco
255 440 474 470 sermone
515 422 782 485 conscripta
798 457 810 478 ,
859 421 1156 486 temporibus
1194 442 1329 488 papae
1370 423 1487 490 Aga-

61 499 248 557 tlionis‚
271 510 533 564 exequente
555 515 607 544 ac
632 498 868 545 residente
891 499 1103 562 piissimo
1124 501 1341 566 principe
1365 501 1486 549 Con·

59 579 271 625 stantino
300 579 422 624 intra
447 577 675 642 palatium
706 594 872 634 suum,
907 577 1142 642 simulque
1174 578 1335 643 legatis
1367 597 1486 644 apo-

58 656 240 703 stolicae
265 656 409 715 sedis,
437 667 484 702 et
507 655 738 720 episcopis
763 671 817 701 CL
843 653 1178 702 residentibus.

124 735 280 780 Prima
298 735 425 781 enim
445 733 724 781 universalis
738 733 949 800 synodus
967 734 1014 780 in
1028 734 1184 781 Nicaea
1202 748 1482 802 congregata

57 821 127 859 est
158 823 323 859 contra
348 810 569 869 Arrium,
603 822 933 859 trecentorum
960 810 1124 858 decem
1164 822 1212 859 et
1252 822 1364 860 octo
1405 833 1486 880 pa-

59 901 187 936 trum
204 926 218 947 ‚
250 889 547 954 temporibus
570 890 682 936 Julii
709 908 868 955 papae,
899 889 986 936 sub
1009 890 1331 940 Constantino
1355 894 1485 958 prin-

57 968 178 1032 cipe.

122 1046 335 1094 Secunda
363 1046 411 1092 in
438 1046 885 1110 Constantinopoli,
915 1056 1112 1093 centum
1132 1048 1482 1114 quinquaginta

58 1135 274 1189 patrum,
313 1136 480 1172 contra
520 1125 854 1172 Macedonium
887 1137 934 1172 et
967 1126 1270 1185 Endoxfflm,
1303 1138 1485 1194 tempo-

57 1202 189 1249 ribus
214 1203 397 1249 Damasi
424 1221 556 1267 papae
580 1213 627 1250 et
645 1202 862 1250 Gratiani
881 1205 1132 1269 principis,
1155 1206 1348 1270 quando
1368 1207 1486 1255 Nee-

60 1281 206 1327 tarius
223 1281 376 1328 eidem
401 1279 508 1326 urbi
532 1292 601 1327 est
625 1280 873 1328 ordinatus
900 1275 1164 1347 episcopus.

123 1360 285 1406 Tertia
328 1361 375 1405 in
414 1358 632 1424 Epheso,
676 1359 998 1407 ducentorum
1048 1372 1241 1426 patrum
1257 1398 1271 1420 ‚
1316 1373 1485 1410 contra

58 1438 335 1486 Nestorium
359 1449 570 1503 augustae
597 1437 730 1485 urbis
763 1440 1037 1504 episcopum
1058 1476 1070 1497 ,
1098 1439 1186 1487 sub
1213 1440 1484 1492 Theodosio

58 1533 231 1580 magno
255 1516 475 1580 principe
502 1526 549 1562 et
570 1516 808 1564 Celestino
833 1535 965 1581 papa.

125 1594 302 1655 Quarta
343 1595 392 1641 in
425 1594 753 1653 Chalcedone,
791 1606 982 1661 patrum
1018 1607 1353 1645 sexcentorum
1392 1600 1490 1658 tri-¹

59 1673 208 1738 ginta,
230 1671 319 1718 sub
332 1674 491 1720 Leone
510 1691 646 1737 papa,
672 1673 969 1738 temporibus
983 1675 1211 1722 Marciani
1230 1676 1482 1742 principis,

61 1761 227 1797 contra
271 1750 544 1816 Eutychem
589 1750 1042 1800 nefandissimorum
1078 1754 1333 1817 praesulem
1381 1772 1484 1803 mo-

61 1827 344 1877 nachorum.

128 1907 305 1968 Quinta
327 1909 440 1956 item
461 1909 509 1954 in
530 1909 978 1974 Constantinopoli,
1011 1909 1307 1974 temporibus
1323 1911 1486 1976 Vigilii

62 2004 220 2051 papae,
246 1986 333 2032 sub
354 1988 624 2034 Justiniano
642 1988 884 2051 principe,
907 1997 1075 2034 contra
1103 1986 1415 2036 Theodorum
1441 1999 1489 2037 et

62 2082 230 2113 omnes
249 2064 515 2121 haereticos.

64 2254 115 2290 les
131 2256 314 2291 Sarrasins
331 2263 395 2291 eut
414 2255 487 2290 lieu
505 2269 549 2290 en
574 2254 656 2303 669.
678 2256 725 2290 Le
744 2268 836 2303 pape
853 2256 1047 2303 Agathou,
1065 2255 1231 2291 ordonne
1250 2269 1295 2291 en
1310 2256 1394 2303 juin
1419 2257 1488 2306 678

65 2326 111 2349 ou
130 2315 215 2364 679,
232 2316 305 2362 prit
323 2323 422 2362 part,
440 2328 504 2363 par
525 2327 578 2349 ses
597 2315 729 2361 legam,
747 2327 792 2349 au
809 2315 958 2350 sinnii-me
976 2315 1116 2350 concile
1132 2316 1387 2365 oecumenique
1401 2323 1490 2352 tenu

66 2376 86 2408 ὲ
113 2375 418 2422 Constantinople
444 2375 574 2422 depuis
597 2374 630 2409 le
655 2387 674 2423 7
705 2375 903 2410 novembre
931 2375 1000 2412 680
1021 2376 1192 2424 jusqu'au
1223 2376 1264 2411 16
1284 2377 1492 2424 septembre

66 2432 146 2469 681.
168 2434 289 2469 Parmi
309 2446 366 2469 ces
391 2434 504 2481 legats
531 2447 567 2469 se
594 2435 752 2469 trouvait
774 2435 882 2479 Jean,
912 2436 975 2483 qui
998 2436 1054 2470 sut
1078 2435 1207 2483 depuis
1233 2449 1324 2484 pape
1350 2450 1433 2472 sous
1459 2438 1491 2474 le

70 2504 154 2527 nom
173 2493 218 2528 de
234 2497 323 2530 Jean
344 2495 376 2529 >V
398 2495 456 2539 (ιο
474 2494 558 2540 juin
581 2494 693 2542 &Sti-7
720 2495 807 2529 aout
829 2495 927 2544 637).
950 2496 1046 2530 Dans
1070 2509 1110 2531 ce
1134 2496 1294 2540 concile,
1317 2496 1368 2531 les
1391 2499 1493 2533 chess

71 2551 134 2586 des
162 2553 420 2588 Monotlielites
439 2554 561 2588 sui-ent
581 2552 626 2588 ‹le
652 2566 817 2587 nouveau
841 2554 1062 2589 condamus-s
1085 2562 1122 2590 et
1146 2556 1428 2591 anathematiscs
1453 2558 1493 2603 (y

71 2615 229 2660 compris
248 2614 281 2649 le
296 2627 387 2662 pape
404 2615 601 2660 Honorius)
614 2642 622 2655 ‚
642 2615 809 2657 Maean-o,
831 2615 1038 2661 patriarche
1052 2615 1321 2660 d'Alexandrie,
1344 2616 1491 2664 depose,

72 2680 107 2707 et
127 2673 310 2722 Georges,
332 2675 538 2722 patriarche
557 2674 602 2709 dc
621 2675 942 2722 (Ionstantinople‚
964 2675 1086 2724 oblige
1108 2676 1154 2712 de
1169 2689 1204 2712 se
1223 2679 1411 2713 retracter.
1429 2678 1494 2712 Les

75 2740 168 2767 mois
197 2735 412 2770 Parmensis
439 2737 630 2782 episcopus
654 2734 802 2769 doivent
827 2735 1031 2771 s'entendre
1051 2735 1096 2771 de
1124 2737 1255 2780 Porto,
1283 2738 1396 2784 petite
1416 2736 1496 2770 ville

75 2793 275 2840 episcopale
294 2797 311 2829 Ξι
332 2795 607 2830 l’enibouchure
627 2794 675 2829 (lu
697 2795 823 2829 Tibre.
