1738 3043
235 243 311 282 294
603 241 845 279 HISTORIA
877 241 1281 280 ECCLESIASTICA.

235 339 343 368 eum
373 338 459 367 nec
488 337 658 365 aurum
694 329 962 367 mutaretur
989 321 1036 366 in
1060 320 1240 385 virgas,
1270 338 1357 369 nec
1378 338 1578 386 gemmae
1605 325 1653 371 in

233 417 410 446 arenas.
449 398 663 446 Tandem
697 399 821 445 anxii
863 399 1033 446 fratres
1064 398 1120 445 ad
1152 399 1422 463 apostolum
1455 418 1656 449 accesse-

232 488 348 524 runt
363 513 377 536 ,
399 487 446 523 et
474 494 582 523 cum
607 476 771 523 multis
795 476 1015 541 precibus
1037 494 1089 523 ac
1112 477 1334 543 lacrymis
1357 478 1656 527 clementiam

232 557 330 618 ejus
363 553 751 602 obsecraverunt.
786 554 868 602 llle
901 572 1015 601 vcro
1048 553 1275 603 {lentibus
1310 572 1580 620 compassus
1611 567 1658 604 et

232 631 610 697 poenitentibus,
639 632 871 679 universis
903 633 1044 679 etiam
1076 651 1164 696 pro
1195 634 1260 680 eis
1294 633 1659 682 intervenienti-

235 709 347 768 lius,
368 711 509 774 jussit
534 710 686 775 virgas
712 710 759 757 in
780 710 972 767 silvam,
1001 720 1048 757 et
1073 722 1229 775 petras
1253 709 1311 757 ad
1336 711 1471 758 littus
1493 729 1659 777 repor-

235 799 333 835 tare
346 824 359 845 ‚
386 789 614 853 quoniam
633 788 690 834 ad
710 799 928 835 naturam
949 807 1081 835 suam
1099 799 1211 836 sunt
1232 807 1453 837 reversae.
1478 789 1660 839 Deinde

234 866 449 930 praedicti
482 867 652 915 fratres
677 868 877 931 gratiam
898 885 1040 932 quam
1070 869 1324 915 amiserant
1346 879 1632 933 receperunt
1641 889 1655 927 ;

238 946 297 990 ita
324 956 378 991 ut
404 946 644 992 daemones
676 946 798 991 sicut
829 945 961 1009 prius
990 946 1236 1011 fugarent,
1271 947 1486 995 infirmos
1520 965 1661 994 cura-

235 1033 368 1080 rent,
398 1041 547 1070 caecos
573 1023 926 1080 illuminarent,
963 1035 1010 1071 et
1044 1024 1244 1072 virtutes
1278 1025 1450 1071 multas
1482 1026 1531 1073 in
1566 1043 1661 1074 no-

236 1101 364 1147 mine
388 1101 583 1147 Domini
609 1100 841 1148 facerent.

302 1178 421 1225 Cum
453 1179 610 1226 omnis
643 1179 805 1225 civitas
840 1177 1185 1243 Ephesiorum,
1223 1179 1322 1226 imo
1357 1179 1506 1227 totius
1538 1179 1663 1228 Asiae

235 1257 484 1320 provincia
509 1267 726 1302 sanctum
758 1256 998 1304 excoleret
1029 1273 1080 1303 ac
1106 1255 1373 1321 predicaret
1399 1257 1631 1305 Joannem
1646 1293 1660 1314 ‚

238 1334 443 1398 contigit
473 1345 527 1381 ut
559 1335 766 1383 cultores
797 1334 1039 1382 idolorum
1065 1335 1329 1382 excitarent
1357 1335 1658 1383 seditionem.

239 1414 531 1461 Insanientes
558 1414 716 1478 itaque
741 1414 940 1478 gentiles
964 1413 1021 1460 ad
1056 1413 1289 1478 templum
1320 1413 1484 1461 Dianae
1517 1414 1665 1461 Joan-

241 1508 351 1537 nem
375 1501 646 1547 traxerunt,
671 1509 723 1537 ac
748 1491 805 1537 ad
823 1490 1093 1538 foeditatem
1112 1491 1456 1540 sacrificiorum
1473 1491 1666 1539 flectere

239 1568 394 1614 moliti
420 1578 549 1614 sunt.
578 1567 762 1628 Quibus
789 1569 867 1615 ille
892 1569 1076 1632 Spiritu
1099 1569 1274 1617 Sancto
1298 1569 1466 1634 plenus
1488 1587 1665 1634 propo-

238 1645 333 1690 suit
362 1655 416 1690 ut
446 1645 572 1691 irent
593 1645 649 1691 ad
674 1646 916 1692 ecclesiam
937 1645 1137 1702 Christi,
1169 1656 1216 1693 ct
1244 1646 1472 1693 invocatis
1499 1647 1664 1694 Dianae

240 1739 334 1767 suae
356 1721 536 1767 viribus
560 1720 771 1768 facerent
790 1721 941 1769 aedem
966 1722 1131 1769 cadere
1157 1723 1359 1780 Christi3
1391 1734 1473 1770 aut
1502 1723 1539 1769 si
1563 1740 1664 1771 non

239 1809 433 1863 possent
466 1797 555 1845 hoc
582 1797 757 1856 facere,
787 1800 883 1864 ipse
910 1800 1132 1846 invocato
1162 1800 1359 1847 nomine
1382 1800 1468 1847 Dei
1496 1800 1568 1846 sui
1591 1800 1667 1847 fa-

242 1888 370 1925 ceret
407 1877 574 1924 fanum
616 1879 779 1925 Dianae
814 1877 907 1924 labi
945 1889 993 1925 et
1031 1878 1212 1926 idolum
1247 1880 1344 1942 ejus
1381 1878 1662 1926 comminui.

242 1958 350 2017 Quo
390 1956 516 2003 facto
530 1992 544 2014 ‚
588 1956 880 2004 considerata
920 1957 1231 2014 rectitudine,
1275 1957 1666 2021 superstitionem

244 2035 462 2081 sanitatis
487 2036 845 2100 relinquerent,
881 2045 928 2082 et
956 2052 1081 2082 verae
1115 2034 1221 2082 fidei
1246 2035 1537 2101 justitiaeque
1568 2046 1667 2082 tra-

243 2113 410 2159 mitem
428 2113 714 2176 arriperent.
737 2111 963 2159 Conditio
983 2110 1306 2175 hujuscemodi
1325 2111 1504 2176 placuit
1515 2109 1664 2176 plebi,

246 2190 354 2237 lieet
379 2191 514 2254 pauci
537 2201 714 2246 essent,
738 2190 820 2255 qui
845 2189 956 2237 huic
975 2188 1359 2238 contradicerent
1372 2189 1661 2237 definitioni.

246 2268 384 2313 Tunc
411 2266 576 2313 beatus
597 2269 622 2313 J
627 2284 804 2314 oannes
822 2266 1026 2314 dulciter
1045 2265 1319 2314 exhortatus
1339 2277 1409 2314 est
1431 2266 1664 2331 populum

247 2354 299 2389 ut
327 2344 466 2408 longe
494 2344 734 2391 recederet
757 2362 781 2389 a
812 2344 1022 2408 temp103
1051 2344 1148 2408 ipse
1174 2361 1288 2391 vero
1310 2344 1478 2392 devota
1505 2354 1665 2391 mente

247 2431 292 2466 et
327 2420 449 2466 clara
483 2438 596 2468 voce
620 2422 790 2468 oraxit.
823 2422 1069 2469 Continuo
1094 2421 1261 2468 fanum
1283 2431 1331 2469 et
1355 2421 1516 2469 omnia
1541 2420 1664 2469 idola

248 2501 344 2563 ejus
375 2510 686 2556 corruerunt,
709 2518 761 2546 ac
786 2501 908 2547 sicut
925 2501 1101 2565 pulvis,
1123 2518 1266 2566 quem
1286 2500 1478 2565 projicit
1495 2509 1663 2547 ventus

248 2597 269 2622 ιι
299 2577 413 2623 facie
440 2588 603 2634 terrae,
632 2579 793 2626 effecta
820 2589 947 2624 sunt.
975 2579 1152 2627 Eadem
1175 2596 1288 2625 vero
1311 2577 1386 2625 die
1411 2576 1661 2625 duodecim

251 2654 394 2700 millia
412 2655 658 2717 gentilium
675 2692 686 2712 ,
711 2656 916 2719 exceptis
930 2655 1136 2720 parvulis
1155 2665 1200 2701 et
1220 2653 1519 2712 mulieribus,
1543 2671 1660 2701 con-
