1738 3043
222 204 272 242 42
584 203 824 241 HISTORIA
853 203 1250 244 ECCLESIASTICA.

225 285 397 328 timere.
427 281 652 328 Lux-antes
677 292 833 329 autem
862 283 1024 331 oculos
1055 302 1162 333 suos
1180 321 1191 341 ‚
1228 285 1465 332 neminem
1495 286 1620 334 vide-

224 368 337 404 runt
374 358 460 403 nisi
503 357 657 404 solum
690 358 865 406 Jesum.
905 361 967 406 Et
1006 360 1395 409 descendentibus
1437 361 1527 409 illis
1563 362 1623 411 de

222 445 384 481 monte
426 436 651 499 praecepit
691 436 850 494 Jesus,
889 437 1048 485 dicens
1099 459 1108 484 :
1158 439 1360 486 Nemini
1400 438 1621 487 dixeritis

226 514 477 570 visionem,
505 513 657 571 donec
685 515 844 563 Filias
869 516 1072 563 hominis
1106 534 1137 563 a
1161 519 1357 564 mortuis
1385 527 1619 582 resurgat.

222 592 360 637 Tunc
399 591 749 656 inquirentibus
790 593 1026 658 discipulis
1061 594 1180 641 dixit
1214 595 1343 660 quod
1372 594 1524 643 Helias
1547 611 1623 642 ve-

221 667 381 715 nisset.
432 668 496 714 Et
540 668 875 717 intellexerunt
917 671 1045 735 quod
1084 671 1160 744 ille
1195 672 1251 719 de
1281 672 1466 719 Joanne
1496 672 1624 736 Bap-

225 745 329 790 tista
349 744 556 793 dixisset.

281 822 336 867 In
358 823 571 886 sequenti
599 822 674 870 die
691 861 703 882 ‚
740 841 847 870 cum
871 824 927 870 ad
957 824 1144 870 turbam
1170 825 1396 882 venisset,
1432 824 1624 872 confes-

224 898 310 943 tim
348 899 503 946 omnis
543 900 747 964 populus
781 900 942 948 videns
983 919 1090 950 eum
1129 901 1414 965 stupefactus
1458 911 1528 950 est
1575 912 1625 949 et

220 986 516 1023 accurrentes
553 976 818 1024 salutabant
840 996 965 1026 eum.
1003 980 1139 1026 Tunc
1173 977 1363 1043 quidam
1395 979 1453 1027 de
1484 979 1624 1025 turba

216 1052 273 1097 ad
304 1070 411 1098 eum
458 1055 647 1102 accessit
669 1091 682 1110 ,
731 1066 778 1102 et
820 1067 930 1104 ante
971 1073 1078 1104 eum
1113 1055 1310 1120 genibus
1342 1056 1624 1120 provolutus

217 1127 369 1174 dixit:
404 1129 636 1188 Domine,
679 1134 896 1178 miserere
913 1133 1029 1196 filio
1066 1149 1201 1189 meo,
1237 1150 1354 1196 quia
1383 1133 1624 1181 lunaticus

219 1217 285 1252 est
329 1205 391 1252 ab
435 1205 644 1294 infantia
693 1220 737 1254 et
782 1208 908 1255 male
938 1211 1143 1275 patim
1185 1211 1480 1274 Ftequenter
1519 1227 1624 1258 eam

219 1282 410 1330 claemon
447 1303 496 1331 ιη
534 1286 693 1350 ignem
731 1297 774 1332 ec
806 1289 856 1332 in
889 1304 1045 1351 aquas
1077 1288 1229 1344 mz‘ssszl
1269 1298 1318 1334 ut
1345 1286 1483 1335 illam
1510 1305 1626 1353 per-

217 1358 376 1414 detffet
411 1370 455 1406 et
495 1361 748 1425 cli'scipulis
793 1365 885 1408 tuis
923 1363 1076 1410 obtuli
1108 1380 1212 1410 eum
1253 1374 1297 1409 et
1328 1380 1424 1410 non
1446 1373 1626 1428 potae-

220 1448 327 1482 runt
367 1455 535 1483 curare
579 1456 704 1484 eum.
759 1438 974 1504 Cumque
1012 1440 1142 1488 Jesus
1177 1439 1313 1486 illum
1350 1440 1508 1487 afferri
1531 1441 1626 1503 jus-

217 1513 370 1570 sisset,
411 1524 458 1561 et
495 1532 618 1580 aeger
647 1515 812 1561 allatus
852 1516 1036 1573 fuisset,
1079 1517 1238 1562 statim
1278 1517 1469 1580 spiritus
1511 1533 1625 1564 con-

219 1589 429 1636 turbavit
452 1609 560 1639 eum
593 1602 640 1639 et
663 1591 799 1639 elisus
831 1594 880 1638 in
911 1604 1033 1639 terra
1056 1591 1361 1639 volutabatur
1383 1610 1622 1657 spumans.

218 1667 434 1733 Cumque
456 1670 585 1716 Jesus
607 1657 900 1716 daemonium
920 1670 1224 1733 increpasset,
1250 1680 1297 1717 et
1319 1671 1445 1718 exire
1464 1669 1523 1716 ab
1539 1686 1596 1718 eo
1609 1706 1622 1727 ,

218 1762 306 1792 nec
327 1745 528 1810 amplius
553 1747 754 1794 introire
766 1747 999 1810 jussisset,
1031 1746 1220 1794 daemon
1243 1747 1472 1805 clamans,
1501 1747 1624 1794 mul·

217 1831 415 1886 tumque
433 1823 698 1887 discerpens
716 1841 850 1881 eum,
872 1824 1003 1872 exiit.
1030 1825 1091 1871 Et
1115 1823 1192 1871 ille
1215 1823 1353 1871 elisus
1372 1823 1429 1870 ad
1451 1833 1627 1871 terram

220 1903 404 1948 corruit
419 1937 433 1959 ,
468 1903 530 1949 ita
554 1913 608 1949 ut
632 1903 770 1950 multi
790 1903 1003 1950 dicerent
1020 1902 1129 1967 quia
1147 1912 1364 1949 mortuus
1380 1911 1466 1949 est.
1496 1901 1626 1949 Jesus

215 1989 374 2026 autem
410 1990 574 2028 tenens
613 1997 808 2027 manum
851 1982 979 2044 ejus,
1019 1980 1247 2041 elevavit,
1286 1980 1505 2045 patrique
1537 1996 1624 2027 suo

215 2072 382 2102 sanum
400 2055 622 2104 reddidit.
649 2056 829 2104 Deinde
852 2056 1093 2120 discipulis
1120 2066 1300 2104 secreto
1323 2055 1625 2121 interrogan-

218 2132 342 2179 tibus
372 2151 458 2180 cur
482 2150 580 2182 non
604 2134 872 2198 potuissent
894 2150 1058 2180 curare
1081 2133 1240 2189 illum,
1268 2132 1389 2179 dixit
1426 2153 1436 2177 :
1466 2133 1623 2198 Prop-

216 2222 285 2256 ter
322 2210 705 2258 incredulitatem
743 2221 967 2257 vestram.
1009 2209 1165 2255 Amen
1203 2208 1310 2257 dieo
1352 2208 1488 2256 vobis
1527 2227 1538 2254 :
1581 2210 1627 2256 si

215 2286 475 2333 habueritis
482 2287 641 2350 fidem
664 2288 787 2334 sicut
806 2304 1016 2351 granam
1042 2287 1253 2352 sinapis,
1279 2286 1448 2334 dicetis
1475 2288 1627 2334 monti

214 2361 325 2408 Ιιιιιέ
349 2381 359 2407 .·
392 2362 569 2409 Transi
597 2362 741 2418 lzinc;
774 2373 817 2409 ec
843 2361 1092 2420 transibit,
1120 2373 1163 2408 et
1183 2362 1304 2408 nihil
1333 2361 1627 2428 impossibile

216 2439 302 2483 erit
319 2437 456 2484 vobis
467 2461 486 2494 ,-
512 2438 602 2485 hoc
620 2450 777 2485 autem
795 2456 947 2502 genus
967 2455 1063 2485 non
1087 2439 1280 2502 ejicitur
1302 2440 1395 2486 nisi
1403 2456 1500 2504 per·
1513 2455 1626 2485 ora-

217 2516 386 2562 tionem
409 2527 451 2561 et
462 2518 724 2581 jejunium.

282 2593 683 2640 conversantibus
710 2594 798 2640 illis
832 2596 879 2640 in
913 2594 1131 2651 Galilaea,
1158 2593 1278 2640 dixit
1313 2615 1321 2638 :
1351 2592 1508 2640 Filius
1532 2592 1623 2640 ho-

219 2670 354 2715 minis
394 2670 652 2717 tradendus
681 2682 747 2717 est
780 2673 827 2716 in
863 2689 1030 2717 manus
1056 2670 1297 2717 hominum
1335 2681 1377 2716 et
1407 2668 1626 2717 occident
