1738 3043
565 252 717 291 LIBER
747 252 1027 292 sECUNlms.
1434 264 1511 300 251.)

89 332 239 379 Roma
278 341 419 378 notos
457 342 503 376 et
536 331 713 378 amicos
741 331 884 388 adiit,
924 343 971 377 et.
1004 333 1261 392 Romanos,
1302 336 1512 404 aliosque

87 409 358 465 credentes,
387 410 467 474 qui
503 411 599 472 ejus
634 410 881 473 ereptione
911 410 1167 457 admodum
1201 415 1513 476 gratulaban-

90 499 187 545 tur,
222 490 268 535 in
302 487 393 535 fide
427 487 746 543 confortavit,
783 488 1022 553 solitoque
1062 491 1157 536 ritu
1194 492 1392 541 verbum
1430 497 1512 545 Dei

88 567 298 615 ubertim
338 568 533 631 sparsit,
573 566 881 632 fideliumque
918 586 1173 616 nnmerum
1211 590 1296 635 per
1331 575 1517 641 aliquot

85 645 184 693 dies
203 646 472 710 opitulante
491 646 592 692 Deo
610 645 951 707 augmentavit.
975 647 1127 693 Porro
1147 646 1310 695 beatus
1329 652 1514 711 Petrus,

84 724 201 772 dum
226 724 392 772 tibiam
417 724 474 772 de
498 723 809 788 compedibus
842 724 957 771 ferri
993 725 1268 773 demolitam
1293 728 1513 790 liaberet,

85 813 132 851 et
164 803 356 850 fasciola
388 803 428 849 ei
463 813 572 849 ante
597 820 754 866 sepem
782 803 829 849 in
857 803 929 849 xia
965 803 1099 850 Nova
1137 804 1347 864 caderet,
1386 811 1514 871 juxta

84 893 276 947 portam
308 881 512 945 Appiam
548 882 768 938 veniens,
796 882 1061 928 Dominum
1086 884 1247 930 Jesum
1272 886 1516 936 Christum

80 960 218 1008 vidit.
247 961 400 1021 Quem
425 971 478 1007 ut
499 961 752 1025 cognovit,
774 960 976 1008 adorans
1001 963 1066 1008 ait
1104 981 1113 1006 :
1150 964 1383 1023 Domine,
1422 986 1518 1032 quo

79 1037 263 1086 vadis?
300 1038 364 1084 Et
396 1039 630 1085 Dominus
665 1038 788 1084 dixit
823 1040 862 1085 ei
907 1060 916 1084 ε
961 1039 1170 1104 Sequere
1205 1060 1308 1099 me,
1343 1046 1514 1104 Pelre,

80 1119 196 1181 quia
219 1116 355 1163 vado
379 1117 589 1163 Romam
621 1117 792 1162 iterum
814 1118 1053 1181 crueffigi.
1088 1118 1202 1165 Mox
1230 1119 1364 1167 illum
1390 1140 1518 1169 secu-

82 1203 176 1249 tus,
195 1193 398 1240 Romam
417 1192 559 1239 rediit
572 1229 584 1249 ,
607 1193 745 1258 eique
764 1193 1001 1241 Dominus
1018 1193 1140 1240 dixit
1162 1213 1171 1240 :
1191 1196 1314 1242 ZVolc'
1332 1200 1512 1257 timere,

81 1275 201 1339 quia
238 1291 328 1337 ego
369 1284 523 1319 tecum
562 1290 696 1331 sum,
739 1291 987 1337 quousque
1029 1274 1333 1322 introducam
1381 1290 1423 1324 te
1466 1282 1516 1326 in

81 1351 280 1398 domum
303 1351 471 1397 Patris
498 1351 595 1397 mei
613 1351 706 1414 (1).

143 1430 361 1495 Cumque
380 1429 558 1476 rediret
576 1447 741 1486 mane,
764 1447 871 1476 ecce
893 1431 1187 1495 magistriani
1213 1450 1321 1479 eum
1347 1444 1512 1482 tenue-

78 1517 218 1565 runt,
247 1525 299 1554 ac
323 1507 382 1554 ad
409 1505 621 1553 tribunal
648 1508 845 1554 Caesaris
880 1518 1239 1572 pertraxerunt.
1272 1511 1402 1560 Nero
1426 1532 1514 1560 au-

80 1597 203 1645 tem,
231 1586 446 1634 recolens
471 1602 522 1632 ea
547 1603 655 1650 quae
682 1595 808 1650 gesta
834 1584 1025 1632 fuerant
1040 1621 1052 1641 ,
1075 1588 1216 1650 jussit
1241 1589 1438 1637 Petrum
1460 1593 1507 1638 in

79 1682 269 1712 crucem
303 1664 446 1711 levari
482 1674 529 1711 et
552 1663 751 1709 Paulum
782 1662 1026 1710 decollari.
1060 1664 1228 1711 Petrus
1257 1684 1373 1714 vero
1399 1687 1509 1715 eum

78 1744 136 1790 ad
159 1760 351 1790 crucem
376 1742 607 1798 venisset,
632 1751 680 1787 et
701 1751 828 1788 totus
853 1742 1069 1805 supernis
1096 1742 1309 1790 intentus
1335 1746 1383 1792 in
1408 1749 1509 1811 spi—

78 1823 176 1868 ritu
194 1821 395 1868 solerter
414 1819 754 1867 considerasset
779 1818 911 1883 quod
930 1820 1169 1867 Dominus
1192 1822 1324 1868 Jesus
1352 1824 1508 1871 Chris-

79 1909 180 1954 tus,
216 1898 298 1963 qui
329 1897 386 1943 de
421 1896 550 1944 coelo
582 1896 638 1942 ad
668 1907 813 1942 terras
845 1896 1178 1954 descenderat,
1211 1909 1337 1946 recta
1367 1919 1506 1950 eruce

76 1978 356 2026 sublimatus
376 1976 539 2022 fuisset
553 2011 564 2030 ,
590 1975 776 2038 rogavit
793 1992 814 2019 a
838 1974 1142 2021 carnificibus
1161 1993 1353 2024 crucem
1375 1997 1503 2026 suam

76 2056 261 2123 gyrari,
298 2071 489 2118 seseque
518 2053 670 2117 capite
699 2052 915 2099 demerso
942 2053 1172 2117 crucifigi.
1207 2054 1271 2100 At
1298 2055 1362 2102 illi
1394 2074 1506 2104 cru—

78 2152 180 2182 cem
218 2141 496 2188 verterunt,
530 2141 579 2177 et
610 2131 749 2194 pedes
783 2133 880 2193 ejus
911 2148 1122 2188 sursum,
1150 2149 1318 2179 manus
1343 2145 1502 2182 autem

76 2212 299 2260 deorsum
325 2211 552 2257 fixerunt.
583 2210 722 2256 Tunc
758 2210 986 2256 convenit
1023 2209 1387 2259 innumerabilis
1413 2233 1503 2279 po-

78 2290 176 2355 puli
204 2288 497 2344 multitudo,
530 2288 592 2334 ita
617 2288 746 2352 pleni
780 2287 946 2335 surore
970 2298 1023 2333 ut
1049 2288 1224 2336 vellent
1254 2291 1394 2338 etiam
1428 2294 1505 2358 ip-

49 2375 53 2379 '
79 2385 183 2414 sum
208 2367 450 2414 Neronem
485 2366 822 2429 imperatorem
849 2365 1118 2413 incendere.
1145 2367 1313 2414 Petrus
1345 2381 1505 2418 autem

126 2552 178 2596 (1)
202 2551 272 2586 Ces
289 2550 385 2585 deux
409 2549 672 2597 paragrapth,
694 2555 731 2583 et
748 2548 780 2582 la'
800 2548 931 2595 phrase
958 2549 1021 2595 qui
1048 2548 1097 2583 les
1124 2550 1300 2596 precede,
1323 2559 1403 2586 sont
1432 2554 1506 2599 pris

80 2607 168 2644 dans
185 2609 237 2645 les
254 2616 349 2644 actes
369 2608 414 2644 de
435 2609 529 2643 saint
547 2608 717 2642 processe
735 2613 769 2641 et
793 2607 887 2641 saint
912 2607 1107 2642 Martinien
1131 2624 1136 2641 ς
1158 2610 1246 2643 Act.
1273 2611 1342 2644 SS.
1372 2616 1507 2645 menei»-

78 2669 179 2715 julii,
201 2681 229 2712 ι,
249 2682 285 2716 p.
306 2667 480 2712 505-504.
502 2669 582 2703 ljne
599 2667 728 2714 eglise,
751 2667 847 2701 butio
866 2679 928 2701 sui·
948 2666 981 2701 le
998 2667 1140 2702 lieuol'l
1160 2668 1191 2703 la
1213 2669 1388 2704 tradition
1411 2671 1508 2716 place

81 2734 175 2761 cette
193 2727 397 2773 apparition
413 2755 421 2770 ,
443 2740 459 2760 a
481 2728 551 2761 tire
568 2740 630 2760 son
653 2739 738 2761 nom
754 2724 816 2759 des
835 2717 1037 2772 parolvs'dv
1057 2726 1144 2760 saint
1164 2727 1289 2762 Pierii·
1313 2744 1316 2748 ·
1341 2729 1482 2762 Domita
1499 2759 1504 2765 ,

84 2799 154 2830 asim
179 2785 310 2820 vadis?
