1738 3043
245 247 320 283 272
610 240 854 280 HISTORIA
884 239 1283 279 ECCLESIASTICA.

247 323 472 370 Cratinus
497 321 771 384 Sinopensis
797 321 868 384 (1)
902 337 925 366 a
952 318 1085 367 febre
1112 319 1431 383 apprehensus
1455 322 1663 385 graviter

247 400 525 465 eegrotavit,
554 417 676 445 uxor
710 415 822 446 vero
853 402 950 462 ejus
990 397 1204 463 hydrope
1236 398 1481 445 intumuit.
1515 400 1661 447 Filius

246 497 438 544 quoque
459 514 470 534 ‚
497 477 614 524 dum
640 478 686 524 in
715 476 886 524 balneo
912 477 1169 523 mulierum
1202 476 1460 533 lavaretur,
1499 496 1522 524 a
1560 476 1662 525 dae—

247 573 390 603 mone
429 554 617 620 perdito
655 572 793 601 sensu
834 555 1043 619 graviter
1088 551 1405 600 cruciabatur.
1454 553 1663 602 Andreas

247 650 385 688 vero,
408 651 431 678 a
458 631 742 695 proconsule
766 641 956 695 rogatus
973 666 985 686 ,
1013 647 1202 677 ascenso
1223 629 1441 678 vehiculo
1464 629 1522 676 ad
1541 630 1664 677 civi-

249 722 393 757 tatem
411 711 568 766 venit,
595 721 641 756 et
660 709 845 755 Cratini
867 710 1063 756 domum
1087 710 1318 773 ingressus
1333 745 1345 766 ‚
1369 709 1664 756 daemonium

248 787 544 842 exturbavit,
572 804 869 851 puerumque
897 786 1177 832 mundatum
1212 787 1408 832 sanavit.
1442 787 1665 833 Maritum

247 882 360 912 vero
385 875 431 911 et
455 867 706 927 conjugem
732 866 828 927 ejus
853 863 1070 909 adulterii
1102 864 1324 928 contagio
1356 864 1564 927 pollutos
1588 880 1667 910 re-

248 943 461 1007 darguit,
490 953 534 988 et
559 940 617 987 al)
642 943 705 988 eis
729 951 916 1005 accepta
939 941 1282 988 emendationis
1301 943 1559 1006 sponsione
1583 958 1665 988 cu-

248 1021 388 1066 ravit.
417 1019 631 1083 Denique
649 1020 747 1082 jam
773 1018 969 1081 sospites
1004 1017 1146 1064 fidem
1181 1018 1290 1064 Jesu
1327 1017 1501 1064 Christi
1539 1035 1667 1066 rece-

249 1107 454 1163 perunt,
487 1108 677 1156 etcum
704 1097 836 1144 omni
861 1096 1007 1143 domo
1039 1113 1119 1141 sua
1149 1095 1404 1159 gaudentes
1439 1095 1666 1162 baptizati

247 1188 375 1224 sunt.

313 1254 485 1302 Nicaeae
511 1254 585 1317 (2)
616 1263 795 1318 septem
823 1253 1064 1301 daemones
1091 1255 1216 1301 inter
1250 1263 1562 1301 monumenta
1587 1271 1666 1301 ‘se-

247 1350 327 1379 cus
363 1332 487 1378 viam
517 1329 790 1388 latibatant;
833 1330 1046 1378 homines
1084 1348 1277 1396 quoque
1320 1340 1667 1395 praetereuntes

248 1409 444 1457 meridie
482 1407 784 1473 lapidabant,
821 1419 867 1455 et
907 1408 1083 1456 multos
1115 1410 1213 1473 jam
1243 1426 1358 1456 nece
1392 1408 1662 1455 affecerant.

249 1487 462 1534 Tandem
492 1487 602 1533 illuc
631 1486 909 1534 adveniente
933 1487 1149 1551 apostolo
1181 1499 1277 1535 tota
1304 1487 1466 1542 civitas
1488 1486 1666 1533 exulta-

248 1567 340 1621 vit,
381 1577 427 1611 et
465 1583 640 1630 egressa
677 1564 867 1612 obviam
902 1583 1012 1611 cum
1046 1567 1187 1612 ramis
1217 1565 1506 1629 palmarum,
1546 1581 1664 1628 pro-

249 1643 467 1689 clamavit
507 1664 517 1689 ε
560 1643 708 1689 Salus
747 1654 911 1689 nostra
954 1645 1003 1689 in
1037 1661 1186 1690 manu
1227 1655 1336 1699 tua,
1379 1642 1520 1689 lzomo
1550 1642 1662 1688 Dei.

249 1719 432 1767 Deinde
475 1737 667 1766 omnem
709 1720 774 1766 rei
821 1719 1039 1766 ordinem
1081 1728 1438 1783 exposuerunt,
1485 1719 1667 1783 ipsique

250 1797 562 1845 nihilominus
603 1797 821 1845 ordinem
862 1797 968 1844 fidei
1002 1809 1048 1844 et
1079 1797 1324 1861 religionis
1359 1795 1418 1842 ab
1449 1796 1666 1860 apostolo

251 1892 362 1922 mox
380 1874 651 1920 audierunt.
681 1875 904 1921 Protinus
927 1873 1182 1938 gaudentes
1203 1874 1251 1919 in
1270 1873 1536 1920 Dominum
1559 1889 1667 1919 cre—

249 1951 503 2008 diderunt,
554 1961 600 1998 et
642 1952 801 1999 Jesum
846 1951 1089 1998 Christum
1135 1951 1221 1998 Dei
1269 1949 1421 1997 filium
1468 1949 1664 2014 professi

250 2041 378 2076 sunt.
407 2029 616 2075 Andreas
646 2039 803 2075 autem
827 2046 917 2093 pro
947 2046 1115 2075 eorum
1137 2038 1361 2092 prompta
1387 2026 1666 2074 credulitate

250 2108 349 2153 Deo
372 2106 542 2170 gratias
563 2105 682 2169 egit,
716 2116 762 2151 et
793 2105 1032 2152 daemones
1066 2106 1115 2151 in
1147 2103 1458 2151 similitudine
1493 2120 1664 2150 canum

249 2201 408 2231 coram
441 2183 621 2247 populo
645 2184 856 2229 assistere
878 2184 1015 2245 jussit
1032 2219 1044 2239 ‚
1080 2193 1127 2229 et
1154 2179 1461 2246 postmodum
1488 2181 1535 2226 in
1562 2179 1662 2227 loca

249 2260 373 2307 arida
400 2271 447 2307 et
477 2260 770 2306 infructuosa
790 2297 801 2318 ‚
830 2278 889 2306 ne
915 2260 1000 2305 ulli
1026 2259 1209 2306 homini
1239 2268 1496 2314 nocerent,
1529 2256 1665 2322 fuga-

250 2338 335 2383 vit.
376 2338 451 2383 Sic
485 2339 531 2383 in
558 2338 734 2383 virtute
767 2337 847 2383 Dei
886 2337 1126 2383 civitatem
1163 2335 1406 2392 liberavit,
1449 2335 1663 2400 civesque

1542 2473 1656 2480 -α

292 2566 343 2610 (ι)
368 2563 397 2599 11
421 2564 477 2609 πή·
496 2578 514 2598 a
534 2577 595 2611 pas
615 2564 693 2611 plus
711 2565 755 2599 de
774 2566 908 2611 Sinope
927 2576 998 2611 que
1022 2563 1203 2599 d’Amasie
1221 2561 1506 2611 dansJ'Acha'i'e.
1527 2561 1661 2608 Sinope

245 2624 335 2658 «nait
355 2635 424 2657 une
445 2622 526 2656 xillc·
545 2624 764 2669 importante
783 2624 828 2657 de
847 2623 879 2657 la
898 2623 1159 2670 Paphlagonie.

292 2683 343 2727 (2)
370 2682 418 2716 Ici
440 2693 530 2715 nous
553 2681 642 2715 mila
667 2682 751 2716 bien
777 2683 1030 2717 sranchement
1052 2681 1186 2716 arrives
1207 2691 1252 2713 en
1278 2679 1378 2721 Asie,
1408 2678 1453 2713 de
1480 2677 1590 2712 l’aveu
1614 2676 1658 2711 de

245 2743 398 2776 l'auteur
418 2742 567 2787 priinilil
589 2741 635 2776 ‹lu
657 2742 741 2775 reci!
764 2759 767 2775 τ
792 2743 960 2777 memma
977 2743 1221 2787 prvficiscilm·
1240 2741 1274 2773 in
1297 2739 1437 2773 Asiam.
1656 2738 1661 2743 ’
