1738 3043
588 208 739 247 LIBER
770 207 975 248 PRIMUS.
1442 218 1493 254 :35

73 295 224 357 perit,
262 291 348 338 sed
381 292 466 355 qui
491 301 745 355 permanet
783 291 832 335 in
874 292 1023 337 vitam
1059 303 1314 350 (eternam,
1354 312 1492 358 quem

84 370 134 415 F
131 370 243 414 ilius
262 367 461 413 hominis
481 366 616 412 vobis
640 365 807 421 dabit,·
825 365 948 412 hunc
964 369 1090 413 enim
1115 369 1267 416 Pater
1285 371 1493 434 signavit

82 446 232 492 Deus.
274 445 386 492 Haec
415 454 463 491 et
495 443 630 507 plura
664 442 735 489 his
773 443 941 489 similia
975 443 1032 490 de
1067 463 1188 508 pane
1228 448 1411 496 coelesti
1446 461 1493 497 et

81 523 176 568 vita
212 532 387 568 aeterna
423 519 588 566 docuit
624 520 671 565 in
712 537 947 585 synagoga
984 520 1341 585 Capharnaum;
1383 542 1493 590 quae

77 599 228 646 Judaei
282 616 381 646 non
435 597 775 645 intellexerunt
822 597 1047 646 habentes
1101 617 1185 647 cor
1230 601 1486 666 lapideum.

79 678 317 725 Dixerunt
339 693 452 740 ergo
487 695 496 721 :
526 675 689 722 Durus
722 686 790 722 est
818 676 898 722 hic
925 694 1095 724 sermo.
1124 678 1286 725 Plures
1314 680 1492 727 malitia

77 755 294 803 excaecati
335 763 783 810 murmuraverunt,
816 763 864 800 et
895 752 1189 800 scandalizati
1224 754 1283 801 ab
1311 756 1393 804 illo
1416 775 1493 805 re-

77 842 334 880 cesserunt.
360 832 492 878 Dixit
520 847 633 896 ergo
661 831 792 877 Jesus
814 830 871 876 ad
898 847 964 876 xn
1003 852 1013 876 ε
1048 831 1306 896 Numquid
1337 845 1382 880 et
1404 851 1492 881 vos

74 910 222 957 vultis
246 908 414 956 abire?
435 907 693 974 Respondit
716 908 884 956 Simon
908 912 1071 956 Petrus
1107 929 1118 955 ε
1150 911 1387 969 Domine,
1424 913 1494 958 ad

75 1005 213 1052 quem
255 985 471 1033 ibimus?
518 985 665 1033 verba
701 987 816 1032 vz'toe
854 997 1045 1032 oetemoe
1084 986 1247 1034 habes.
1293 989 1362 1034 Et
1404 1006 1493 1035 nos

76 1065 313 1111 credimus
335 1075 388 1110 et
423 1063 728 1127 cognovimus
774 1063 891 1126 qaia
931 1074 982 1109 tu
1014 1081 1063 1109 es
1103 1062 1320 1111 Christus
1344 1064 1489 1128 filius

74 1143 172 1188 Dei
192 1143 286 1206 (ι)
751 1148 753 1150 ’

139 1220 252 1267 Post
277 1217 378 1266 haec
401 1215 671 1263 ambulabat
693 1217 823 1264 Jesus
849 1217 898 1263 in
929 1215 1202 1275 Galilaeam3
1232 1235 1331 1265 non
1364 1221 1493 1266 enim

73 1295 263 1344 volebat
293 1297 341 1342 in
376 1294 588 1341 Judaeam
613 1295 709 1351 ire,
750 1295 859 1359 quia
893 1295 1044 1340 Judaei
1069 1294 1350 1359 quaerebant
1383 1313 1493 1343 eum

74 1372 358 1421 interficere.
396 1372 535 1418 Tunc
551 1405 566 1428 ‚
593 1381 648 1416 ut
672 1371 916 1436 symmista
947 1371 1153 1417 Joannes
1183 1370 1361 1429 refert,
1402 1389 1490 1420 co-

69 1452 199 1516 gnati
237 1452 361 1514 ejus,
389 1450 471 1514 qui
507 1465 600 1513 pro
622 1448 721 1494 ritu
749 1446 940 1510 judaico
967 1445 1137 1494 fratres
1174 1447 1488 1507 vocabantur,

71 1528 224 1592 ipsum
255 1526 312 1573 ad
349 1525 711 1590 scenophegiam
748 1523 1100 1582 invitaverunt,
1126 1534 1180 1570 ut
1203 1524 1358 1589 palam
1392 1543 1490 1574 sese

70 1603 341 1652 ostenderet
379 1603 578 1650 mundo.
624 1600 721 1648 Illis
764 1599 1161 1657 ascendentibus,
1200 1602 1282 1666 qui
1322 1602 1490 1649 mundi

67 1679 349 1747 quaerebant
370 1680 599 1745 gloriam,
633 1679 730 1742 ipse
759 1678 933 1724 mansit
957 1678 1006 1723 in
1030 1676 1243 1724 Galilaea.
1274 1678 1364 1726 Sed
1387 1681 1490 1743 jam

67 1758 142 1806 die
174 1758 296 1805 festo
326 1757 586 1815 mediante,
616 1756 842 1803 ascendit.
872 1756 928 1801 In
953 1755 1161 1819 templo,
1198 1756 1486 1805 mirantibus

69 1835 251 1881 cunctis
292 1833 350 1880 de
384 1833 602 1878 doctrina
641 1834 768 1894 ejuS,
807 1830 989 1878 docuit.
1027 1831 1250 1878 Pharisaei
1294 1832 1488 1880 turbam

68 1910 426 1957 dissentientem
453 1909 510 1955 de
534 1908 617 1954 illo
640 1907 917 1963 audierunt,
946 1916 993 1953 et
1025 1907 1271 1955 ministros
1296 1918 1351 1954 ut
1373 1927 1483 1955 eum

67 1985 476 2052 apprehenderent
513 1984 762 2030 miserunt.
808 1983 898 2030 Sed
934 2000 1077 2031 nemo
1122 1984 1171 2029 in
1208 2001 1316 2031 eum
1351 1986 1483 2032 misit

66 2081 258 2120 manus,
285 2062 394 2127 quia
415 2059 630 2108 nondum
650 2069 843 2107 venerat
867 2058 983 2106 hora
1004 2063 1102 2122 ejus
1128 2059 1223 2123 (2).
1246 2061 1300 2106 ln
1325 2062 1481 2108 novis-

65 2143 186 2189 simo
210 2142 259 2188 iu
282 2140 359 2187 die
383 2156 556 2204 magno
578 2138 872 2195 festivitatis,
897 2136 1050 2184 stabat
1079 2139 1210 2185 Jesus
1233 2149 1279 2185 et
1303 2139 1480 2185 clama—

65 2220 171 2278 bat,
198 2220 358 2267 dicens
381 2238 391 2264 z
414 2218 472 2265 Si
489 2218 595 2282 quis
615 2217 737 2274 sitit,
762 2217 926 2263 veniat
946 2216 1016 2262 acl
1037 2233 1112 2262 me
1135 2227 1179 2262 et
1202 2216 1350 2262 bibat.
1379 2216 1481 2281 Qui

66 2299 214 2347 credit
232 2300 282 2345 in
300 2315 391 2356 me,
413 2297 537 2344 sicut
559 2295 679 2341 dicit
700 2294 738 2342 S
741 2296 981 2360 criptura,
990 2293 1211 2358 flumina
1229 2294 1292 2342 cle
1313 2306 1478 2341 ventre

66 2377 342 2443 ejusfluent
367 2392 508 2440 aquce
534 2376 675 2421 νίφα).
716 2373 818 2420 Hoc
849 2372 971 2418 dixit
1003 2372 1061 2419 de
1093 2372 1300 2436 Spiritu,
1334 2389 1477 2436 quem

65 2456 301 2520 accepturi
328 2464 463 2502 erant
488 2451 728 2499 credentes
747 2451 796 2497 in
817 2468 942 2498 eum.
971 2448 1200 2497 Nondum
1223 2450 1353 2496 enim
1376 2459 1477 2497 erat

66 2534 271 2598 Spiritus
301 2531 461 2586 datus,
497 2529 606 2595 quia
641 2529 771 2575 Jesus
804 2527 1020 2574 nondum
1052 2526 1208 2573 suerat
1236 2525 1477 2591 glorifica-

112 2712 162 2755 (1)
178 2711 304 2745 Joann.
325 2721 378 2747 vt,
401 2721 464 2750 '223
485 2721 530 2742 vu
546 2737 553 2746 ,
580 2722 607 2743 ι,
629 2728 674 2734 -
691 2709 740 2752 (2)
757 2708 885 2742 Joann.
910 2718 977 2748 vn,
1001 2703 1102 2740 2-50.
