1738 3043
593 235 745 273 LlBER
774 234 1049 272 SECUNDUS.
1462 234 1539 272 263

115 317 278 364 litibus
304 315 572 380 prirsidere.
603 317 816 379 Cumque
845 314 977 360 illum
1016 315 1332 378 interrogaret
1365 330 1451 358 cur
1490 313 1536 358 in

119 411 318 459 regnum
358 394 682 440 Romanorum
722 391 923 437 latenter
965 392 1231 446 introisset,
1269 389 1540 454 militesque

118 491 226 521 suos
258 472 346 519 sibi
372 470 695 524 subtraheret,
725 470 891 534 suique
919 469 1039 533 regis
1064 469 1352 533 principatui
1378 466 1543 531 subju-

119 563 250 617 garet
266 587 277 606 ,
306 551 492 606 Paulus,
517 549 699 614 Spiritu
724 547 901 594 Sancto
929 547 1136 611 repletus
1151 583 1164 604 ‚
1185 548 1413 594 virtutem
1432 564 1539 594 om-

121 630 386 694 nipotentis
410 629 493 675 Dei
518 644 677 676 coram
702 625 928 673 omnibus
947 626 1027 690 qui
1053 624 1249 672 aderant
1269 635 1545 673 constanter

120 706 470 772 promulgavit,
506 716 553 753 et
587 722 753 752 omnes
791 704 848 750 ad
887 704 1155 768 largitatem
1190 721 1357 749 manus
1394 703 1544 758 illius,

121 785 203 850 qui
228 782 485 830 secundum
513 785 743 847 cujusque
767 782 996 829 meritum
1026 780 1150 828 dona
1182 780 1412 827 ditissima
1453 780 1550 827 dis-

122 878 319 925 pensare
364 869 523 924 potest
539 896 550 915 ,
599 859 836 905 invitavit.
881 860 1041 923 Ipsum
1082 875 1279 923 quoque
1317 858 1550 904 Caesarem

125 956 313 986 summo
339 939 437 1002 regi
470 937 676 985 fideliter
708 936 904 984 obedire
940 936 1258 984 commonuit.
1299 934 1553 983 Nihilomi-

127 1035 215 1064 nus
253 1018 395 1064 etiam
431 1017 629 1063 asseruit
668 1033 826 1080 regem
865 1033 1005 1061 suum
1042 1025 1303 1062 venturum
1338 1016 1471 1062 vivos
1505 1025 1554 1062 et

127 1106 346 1143 mortuos
363 1095 577 1159 judicare
594 1131 606 1151 ‚
635 1105 682 1141 et
705 1093 903 1158 figuram
930 1093 1068 1158 hujus
1092 1093 1259 1140 mundi
1286 1112 1372 1158 per
1396 1095 1554 1159 ignem

128 1173 384 1220 devastare.
414 1173 496 1222 His
521 1171 718 1228 auditis,
743 1171 872 1219 Nero
903 1171 1059 1217 Caesar
1088 1172 1154 1217 ira
1179 1189 1430 1219 succensus
1455 1181 1550 1227 est,

129 1261 177 1298 et
199 1268 366 1298 omnes
390 1249 567 1297 christi
602 1250 775 1297 milites
806 1250 913 1315 igne
938 1250 1135 1297 cremari
1165 1251 1413 1315 praecepit.
1440 1251 1557 1296 Pau-

130 1327 230 1374 lum
251 1338 406 1375 autem
429 1328 651 1376 consultu
668 1337 872 1383 senatus,
890 1338 1118 1392 tanquam
1131 1327 1383 1391 majestatis
1399 1345 1554 1383 reum,

131 1405 391 1453 secundum
416 1422 636 1452 romanas
668 1405 792 1470 leges
824 1406 976 1469 capite
1011 1405 1222 1451 truncari
1244 1406 1401 1469 jussit.
1431 1407 1557 1453 Lon-

130 1484 245 1548 gino
273 1494 319 1531 et
342 1483 544 1548 Megisto
571 1482 811 1547 praefectis
834 1493 976 1548 atque
1001 1483 1140 1531 Cesto
1162 1484 1234 1547 (ι)
1257 1485 1555 1541 centurioni,

132 1560 189 1607 ad
215 1560 602 1608 interficiendum
626 1571 757 1608 extra
782 1560 951 1608 urbem
976 1560 1195 1620 tradidit5
1217 1561 1395 1627 'quibus
1418 1563 1467 1608 in
1488 1563 1561 1608 via

133 1639 305 1686 Paulus
330 1640 432 1686 sine
458 1640 812 1687 intermissione
836 1637 1036 1687 verbum
1068 1639 1230 1686 salutis
1261 1639 1557 1705 praedicavit.

136 1718 345 1764 Ministri
372 1719 515 1766 etiam
537 1728 584 1765 et
607 1719 901 1783 apparitores
921 1737 944 1765 a
966 1718 1160 1767 Nerone
1184 1736 1294 1765 cum
1313 1719 1563 1768 velocitate

134 1796 302 1843 directi
341 1807 480 1853 sunt,
520 1806 569 1843 et
602 1797 844 1844 latitantes
879 1796 1176 1844 Christianos
1216 1798 1470 1863 diligenter
1507 1800 1561 1845 ad

137 1876 425 1922 occisionem
444 1876 727 1938 perscrutati
743 1885 873 1921 sunt.
891 1874 1030 1921 Unde
1045 1886 1141 1921 tam
1154 1875 1406 1940 multiplex
1423 1876 1564 1922 turba

139 1954 523 2000 Christianorum
545 1970 661 2000 caesa
682 1963 776 2010 est,
800 1963 853 1999 ut
872 1952 1077 2018 populus
1093 1970 1320 2000 romanus
1337 1954 1563 2017 palatium

141 2033 318 2078 virtute
344 2032 657 2095 irrumperet,
686 2042 734 2078 et
758 2032 805 2077 in
835 2032 988 2095 ipsum
1014 2032 1244 2079 Caesarem
1268 2033 1472 2080 excitare
1496 2052 1564 2080 se-

140 2110 375 2157 ditionem
399 2119 644 2174 satageret.
674 2111 813 2156 Tunc
840 2110 968 2157 Nero
995 2110 1224 2158 clamores
1247 2112 1412 2176 populi
1434 2130 1570 2177 expa-

142 2189 237 2245 vit,
271 2198 317 2235 et
349 2187 476 2234 aliud
510 2187 719 2234 edictum
752 2189 1036 2253 proposuit,
1062 2207 1161 2255 quo
1185 2190 1480 2238 Christianos
1517 2191 1565 2237 in

145 2283 255 2330 pace
292 2266 449 2312 vivere
484 2267 728 2330 praecepit.
772 2266 1076 2331 Quapropter
1101 2267 1272 2314 Paulus
1299 2269 1474 2315 iterum
1500 2280 1569 2315 est

145 2345 242 2406 ejus
262 2341 450 2390 oblatus
475 2341 829 2407 conspectibus.
858 2343 986 2392 Nero
1010 2354 1186 2402 autem,
1211 2355 1264 2390 ut
1290 2363 1399 2392 eum
1421 2346 1566 2401 vidit,

146 2412 556 2467 vehementissime
585 2421 862 2467 exclamavit
902 2443 911 2467 :
956 2422 1128 2469 Tollite
1159 2441 1381 2487 magum,
1422 2423 1572 2470 tollite

149 2498 443 2559 maleficum,-
456 2497 698 2544 decollate
711 2501 1033 2565 impostorem,
1049 2498 1232 2565 auferte
1245 2500 1307 2547 de
1321 2501 1574 2566 superficie

149 2588 285 2624 (ει-να»
309 2579 537 2623 mentium
563 2579 933 2624 inmmtatorem.
962 2578 1132 2624 Paulus
1157 2596 1270 2626 vero
1299 2588 1574 2625 constanter

151 2655 369 2717 promisit
389 2673 435 2702 se
456 2666 562 2719 post
578 2666 785 2703 mortem
807 2657 1097 2704 aeternaliter
1114 2658 1376 2713 victurum,
1399 2667 1441 2703 et
1465 2676 1571 2703 cnm

204 2819 229 2849 'i
278 2818 372 2853 lASt'z
399 2849 401 2851 .
428 2822 573 2856 Accam.
