1738 3043
681 256 836 296 LIBER
866 258 1077 297 PRIMUS.
1521 262 1596 300 123

161 348 312 386 tuere.
358 338 481 399 Qui,
528 338 706 404 absque
751 337 932 385 artifice
969 339 1196 404 magistro
1235 340 1381 404 magis
1418 340 1594 404 cespite

159 435 302 483 quam
327 417 477 482 lapide
494 416 671 473 factus,
694 416 764 463 nil
783 417 1095 482 operantibus
1114 418 1318 482 profuit.
1342 418 1463 465 Nam
1479 436 1594 467 mox

159 508 214 543 ut
241 496 491 544 discessere
517 496 752 553 Romani,
779 495 1002 543 advectus
1027 496 1226 544 neu-ibus
1255 497 1390 562 prior
1414 497 1590 556 hostis,

158 576 291 640 quasi
331 586 566 622 maturam
604 585 838 639 segetem,
878 574 1017 622 obvia
1055 593 1260 641 quaeque
1294 575 1382 623 sibi
1420 576 1590 635 caedit,

157 652 328 710 calcat,
363 653 577 701 devorat.
608 653 788 699 lterum
812 653 995 718 petenti
1019 653 1189 700 auxilia
1218 654 1422 701 Romani
1448 654 1595 702 advo—

156 732 276 789 lant,
297 742 345 780 et
365 749 541 779 caesum
557 731 745 780 hostem
763 744 894 780 trans
912 734 1061 780 maria
1081 732 1268 799 fugant,
1293 736 1595 798 conjunctis-

154 827 249 875 que
277 809 365 856 sibi
391 811 662 868 Britannis,
691 827 888 858 murum
911 829 1013 858 non
1039 821 1165 858 terra
1197 822 1253 857 ut
1283 821 1393 858 ante
1422 812 1594 875 pulve-

154 906 320 945 reum,
349 888 428 936 sed
460 907 572 936 saxo
597 889 829 947 solidum,
859 890 985 936 inter
1010 890 1250 946 civitates,
1280 907 1388 954 quae
1416 889 1595 938 ibidem

155 964 220 1013 ob
251 977 435 1013 metum
468 966 680 1013 hostium
710 966 847 1013 factae
885 966 1107 1024 fuerant,
1142 984 1166 1012 a
1194 968 1314 1013 mari
1355 985 1505 1033 usque
1536 968 1594 1014 ad

153 1061 285 1091 mare
309 1044 566 1093 collocant.
595 1044 688 1093 Sed
714 1055 761 1092 et
785 1045 951 1092 littore
976 1045 1244 1093 meridiano
1268 1047 1412 1092 maris
1432 1083 1446 1104 ,
1482 1048 1592 1112 quia

153 1132 202 1169 et
226 1121 336 1170 inde
362 1122 512 1172 hostis
533 1121 819 1180 timebatur,
846 1134 1000 1170 turres
1021 1141 1109 1187 per
1131 1123 1379 1170 intervalla
1399 1124 1455 1171 ad
1478 1142 1596 1189 pro-

153 1211 370 1264 spectum
385 1201 532 1265 magis
549 1210 786 1247 statuunt.
807 1200 883 1246 Sic
898 1199 1172 1248 valedicunt
1188 1200 1344 1257 sociis,
1366 1212 1594 1267 tanquam

154 1278 280 1325 ultra
305 1296 405 1327 non
431 1280 687 1327 reversuri.
723 1279 1000 1327 Bonifacius
1021 1280 1188 1326 Romae
1213 1279 1462 1345 episeopus
1478 1280 1595 1328 feeit

154 1359 424 1405 oratorium
451 1359 499 1404 in
525 1358 765 1405 cimiterio
797 1367 972 1404 sanetae
1003 1357 1285 1416 Felicitatis,
1319 1368 1366 1405 et
1398 1359 1593 1405 ornavit

152 1436 427 1502 sepulerum
464 1439 562 1502 ejus
597 1447 645 1483 et
684 1437 833 1483 sancti
867 1435 1057 1483 Silvini.
1093 1437 1421 1501 Hieronymus
1453 1454 1592 1501 pres-

150 1515 295 1581 byter
318 1513 442 1562 obiit
467 1523 560 1562 X11⁰
584 1515 789 1564 Honorii
814 1532 944 1563 anno
959 1551 972 1573 ,
995 1522 1051 1562 11⁰
1070 1514 1163 1562 kal.
1192 1513 1437 1574 octobris,
1459 1532 1590 1563 anno

152 1595 305 1641 aetatis
329 1611 425 1640 suae
449 1604 545 1641 xc1⁰
569 1595 665 1658 (1).

219 1671 517 1721 Theodosius
550 1674 736 1731 minor,
765 1671 958 1720 Arcadii
991 1672 1142 1731 filius,
1173 1673 1310 1720 annis
1343 1690 1470 1720 xxvl.
1496 1672 1593 1720 Va-

153 1752 446 1800 lentinianus
478 1754 649 1818 junior
687 1753 958 1801 Constantii
994 1752 1120 1800 filius
1154 1753 1397 1801 Ravennae
1435 1753 1591 1817 impe—

153 1841 287 1879 rator
343 1842 549 1879 creatur.
609 1831 813 1879 Plaeidia
871 1848 987 1879 vero
1035 1841 1190 1878 mater
1243 1834 1341 1895 ejus
1394 1841 1589 1895 augusta

152 1921 479 1973 nuncupatur.
519 1910 676 1957 Effera
709 1928 824 1975 gens
854 1909 1212 1968 Vandalorum,
1246 1909 1513 1955 Alanorum
1543 1917 1592 1955 et

156 1984 432 2033 Gothorum
448 2022 459 2042 ,
482 1985 540 2032 ab
566 1987 804 2050 Hispaniis
824 1987 881 2032 ad
899 1985 1113 2031 Africam
1135 1986 1369 2032 transiens
1385 2021 1399 2042 ,
1429 1985 1590 2032 omnia

155 2063 313 2122 ferro,
348 2065 564 2121 flamma,
602 2065 807 2129 rapinis,
851 2064 992 2110 simul
1024 2074 1072 2111 et
1104 2062 1307 2109 Arriana
1347 2063 1590 2127 impietate

154 2142 371 2190 foedavit.
410 2143 499 2190 Sed
531 2142 696 2190 beatus
728 2140 1026 2208 Augustinus
1051 2141 1373 2206 Hipponensis
1408 2141 1590 2205 episco-

155 2239 269 2286 pus,
292 2232 340 2270 et
365 2222 586 2270 omnium
607 2222 779 2269 doctor
802 2221 1003 2269 eximius
1027 2220 1359 2276 eeclesiarum,
1387 2238 1447 2266 ne
1475 2219 1587 2265 eivi-

203 2383 254 2428 (1)
280 2382 510 2417 L'invention
530 2382 592 2417 des
611 2382 770 2430 reliques
797 2381 842 2417 de
866 2383 961 2417 saint
979 2374 1134 2417 Etienne
1152 2389 1208 2417 est
1230 2381 1276 2416 de
1296 2380 1384 2424 415,
1406 2381 1497 2416 ainsi
1519 2393 1590 2428 que

158 2442 190 2477 le
210 2454 344 2490 voyage
370 2442 527 2478 d’Orose
546 2456 591 2478 en
610 2443 805 2478 palestine.
827 2444 858 2478 A
884 2443 915 2478 la
936 2443 1037 2490 place
1056 2442 1119 2477 des
1143 2449 1238 2477 mots
1259 2458 1264 2476 z
1295 2443 1426 2476 iterum
1451 2444 1593 2487 pelenti

158 2505 317 2546 aua-ilia,
339 2504 451 2551 qu'on
471 2512 600 2539 trouve
620 2504 711 2539 dans
727 2517 767 2539 ee
790 2504 1036 2551 paragrapho,
1059 2504 1092 2539 le
1115 2510 1213 2538 texte
1229 2502 1521 2550 correspondant
1543 2501 1589 2536 de

159 2561 255 2598 Bede
279 2570 386 2611 porte
407 2563 440 2597 la
459 2562 565 2610 leqon
587 2565 718 2597 ilerum
742 2565 848 2610 petiti
863 2563 1025 2604 auxilia,
1046 2564 1110 2610 qui
1129 2563 1221 2597 n'est
1247 2574 1308 2610 pas
1330 2562 1411 2609 plus
1432 2561 1586 2596 satisfai-

159 2629 272 2657 sante.
301 2622 402 2657 Nous
420 2634 576 2669 pensons
600 2622 712 2670 qu'on
732 2621 812 2657 doit
832 2621 899 2656 lire
919 2624 1049 2656 iterum
1066 2623 1278 2668 petentibus
1295 2622 1451 2656 aim-ilia.
1475 2621 1584 2654 Boni-

159 2682 235 2718 sace
253 2683 296 2718 l“
312 2683 371 2728 (28
389 2683 584 2719 decembre
605 2683 715 2726 4184
733 2683 939 2730 septembre
958 2686 1041 2727 4¹22)
1061 2684 1173 2718 futen
1189 2682 1272 2718 ess'et
1290 2684 1436 2717 enterre
1449 2680 1538 2714 dans
1552 2679 1586 2713 le

160 2743 347 2778 cimetiere
365 2743 412 2779 de
431 2743 747 2786 Sainte-Felicite,
769 2744 817 2778 οὐ
843 2742 869 2778 il
895 2744 987 2778 avait
1008 2743 1072 2778 fait
1096 2743 1192 2778 batir
1213 2755 1264 2777 un
1287 2741 1459 2777 oraton-e.
1482 2739 1580 2773 Saint

162 2801 326 2844 ,ri—rame,
354 2805 400 2838 ne
427 2816 505 2838 vers
526 2801 594 2845 342
611 2832 618 2843 ,
642 2810 793 2838 mourut
818 2803 850 2837 le
877 2802 922 2838 50
946 2803 1155 2851 septembre
1179 2805 1267 2844 420,
1296 2801 1385 2835 dans
1411 2799 1440 2834 ia
1466 2800 1582 2845 vingt>

166 2863 312 2897 <ixii-mc
331 2869 366 2897 et
386 2875 458 2898 non
479 2862 568 2898 dane
584 2863 615 2898 la
635 2863 825 2898 douzibme
847 2866 961 2898 annet·
979 2863 1027 2897 dn
1052 2865 1163 2909 regne
1183 2861 1417 2895 d'llonorius.
