1738 3043
181 190 256 228 414
546 186 785 226 HISTORIA
820 184 1220 225 ECCLESIASTICA.

181 267 346 315 diebus
385 281 519 313 xxiv.
557 265 696 312 Multi
734 283 787 312 ex
827 265 956 314 clero
990 284 1014 311 a
1047 267 1387 314 communione
1418 269 1596 331 ejusse

185 345 552 400 subtraxerunt,
580 345 688 409 quia
716 343 906 391 volebat
927 343 1178 391 Achatium
1204 345 1324 392 clam
1346 363 1593 402 revocare3

184 422 259 470 sed
288 440 382 468 non
411 423 566 486 potuit
588 457 599 477 ‚
626 423 734 487 quia
762 422 842 469 Dei
870 432 991 468 nutu
1018 440 1262 486 percussus
1286 433 1371 470 est.
1398 424 1598 487 Episco-

185 517 269 563 pos
305 516 367 545 xx
402 498 710 545 consecravit.
750 499 800 544 ln
834 497 1020 546 basilica
1047 499 1204 546 Sancti
1238 501 1363 547 Petri
1399 500 1597 565 apostoli

189 589 294 624 xur‘
311 576 403 623 kal.
424 576 686 624 decembris
705 577 914 641 sepultus
929 590 993 625 est
1003 614 1015 635 ‚
1039 588 1085 624 ct
1100 579 1291 625 cessavit
1309 579 1600 644 episcopatus

185 654 348 701 dicbus
372 654 532 718 1v(1).

251 731 562 798 Symmachus
593 730 787 788 Sardus,
811 750 866 779 ex
891 743 1023 796 patre
1052 733 1344 789 Fortunato,
1371 732 1490 780 sedit
1513 750 1602 779 an-

186 810 260 857 nis
283 828 346 856 xv
373 809 613 856 mensibus
634 825 699 855 vn
720 808 884 855 diebus
909 825 1043 854 xxvu
1058 844 1069 864 ‚
1091 808 1369 856 Theoderici
1393 810 1462 874 (2)
1482 809 1603 875 regis

186 897 233 933 et
255 887 482 933 Anastasii
511 886 709 950 Augusti
737 894 966 948 tempore.
990 886 1077 930 llic
1097 884 1183 931 sub
1209 886 1477 933 intentione
1494 904 1603 933 cum

187 967 445 1012 Laurentio
475 964 715 1010 Nucerino
739 964 962 1027 episcopo
983 962 1228 1009 ordinatus
1250 973 1344 1021 est3
1378 965 1456 1012 sed
1475 964 1605 1028 judi-

188 1044 262 1090 cio
288 1041 566 1089 Theoderici
587 1041 684 1105 (5),
712 1041 821 1105 quia
846 1042 978 1104 prius
1005 1050 1051 1088 et
1072 1058 1095 1085 a
1119 1041 1286 1105 maj0ri
1319 1052 1452 1105 parte
1479 1041 1607 1089 ordi-

187 1130 325 1166 natus
348 1119 537 1176 fuisset,
566 1119 612 1165 in
640 1117 745 1166 sede
769 1117 1024 1182 apostolica
1050 1117 1357 1165 confirmatus
1381 1130 1467 1165 est.
1496 1118 1608 1165 Post

189 1198 450 1245 triennium
472 1214 584 1244 vero
614 1214 669 1243 ex
699 1196 874 1242 invidia
893 1197 1218 1244 Romanorum
1244 1196 1361 1244 falso
1387 1196 1608 1243 incrimi-

188 1286 325 1322 natus
351 1285 446 1333 est,
474 1285 519 1321 et
543 1275 708 1321 Petrus
738 1274 914 1320 Altinae
940 1274 1141 1320 civitatis
1171 1274 1417 1339 episcopus
1440 1284 1607 1322 contra

189 1369 391 1399 canones
437 1350 594 1399 sedem
642 1350 949 1415 apostolicam
993 1350 1179 1396 invasit.
1226 1352 1364 1397 Tunc
1402 1351 1608 1397 nimium

189 1430 386 1477 schisma
409 1431 454 1476 in
472 1429 677 1476 Ecclesia
696 1428 873 1475 factum
895 1439 986 1486 est,
1006 1438 1053 1476 et
1069 1429 1221 1476 clerus
1241 1429 1416 1476 iterum
1433 1429 1607 1476 divisus

190 1520 270 1554 est.
294 1509 323 1554 S
327 1506 603 1572 ymmachus
622 1524 735 1570 papa
751 1541 764 1562 ,
788 1505 973 1570 synodo
992 1517 1236 1571 aggregata
1256 1523 1351 1554 cxv
1369 1507 1610 1571 episcopo-

190 1603 298 1631 rum
314 1620 326 1640 ‚
356 1595 581 1648 purgatus
605 1593 696 1639 est,
727 1593 774 1629 et
795 1584 961 1629 Petrus
988 1583 1170 1629 Altinas
1202 1585 1390 1631 invasor
1414 1594 1609 1648 aposto-

190 1663 293 1709 licae
339 1660 457 1707 sedis
500 1679 551 1706 ac
596 1660 874 1707 Laurentius
920 1660 1185 1708 Nucerinus
1225 1661 1432 1708 damnati
1477 1673 1604 1710 sunt.

190 1741 328 1785 Tunc
359 1737 418 1784 ab
449 1736 672 1784 omnibus
704 1738 933 1802 episcopis
965 1748 1012 1785 et
1045 1739 1178 1785 omni
1206 1739 1334 1787 clero
1366 1739 1440 1787 vel
1472 1739 1609 1805 plebe

190 1813 500 1880 Symmachus
541 1814 664 1878 apud
705 1813 895 1861 beatum
941 1815 1134 1861 Petrum
1171 1832 1279 1861 cum
1323 1815 1473 1881 gloria
1514 1816 1608 1864 sedi

190 1893 461 1958 apostolicae
486 1892 832 1956 redintegratus
856 1902 940 1939 est.
963 1893 1124 1939 Festus
1146 1902 1303 1945 autem
1322 1904 1462 1958 caput
1478 1912 1611 1942 sena-

192 1981 266 2016 tus
291 1981 338 2017 et
361 1968 597 2016 Probinus
617 1969 889 2016 exconsules
909 1970 957 2016 in
982 1968 1100 2016 urbe
1119 1987 1230 2016 cum
1249 1970 1349 2017 aliis
1373 1972 1605 2019 senatori-

188 2048 277 2095 bus
317 2066 528 2113 pugnare
572 2059 854 2112 coeperunt,
901 2058 948 2095 et
991 2065 1156 2095 omnes
1196 2048 1274 2114 qui
1320 2048 1604 2115 Symmacho

236 2273 286 2316 (ι)
312 2273 370 2316 (24
390 2269 585 2306 novembre
604 2270 736 2318 496-17
757 2270 952 2305 novembre
971 2271 1067 2318 498.)
1087 2271 1187 2307 Nous
1204 2284 1312 2308 avons
1330 2271 1481 2320 indique
1498 2271 1602 2307 l'em-

191 2330 445 2378 placementde
456 2331 487 2364 la
500 2331 626 2376 region
643 2332 761 2376 Capul
775 2332 903 2365 Tauri.
913 2332 1059 2366 Toutce
1070 2345 1140 2380 que
1149 2340 1253 2369 notre
1262 2332 1603 2379 auteurditd'apres

190 2389 222 2423 le
246 2389 476 2435 pontificalis
495 2389 596 2431 liber,
613 2388 698 2422 d'un
719 2389 874 2423 schisme
893 2390 1001 2424 fonde
1022 2402 1083 2425 sur
1106 2391 1139 2425 le
1157 2391 1254 2427 desir
1274 2391 1319 2427 de
1336 2404 1377 2426 ce
1393 2403 1484 2438 pape
1499 2390 1545 2425 de
1565 2403 1601 2426 se

191 2449 415 2497 rapproeher
429 2447 600 2490 d'Amce,
620 2449 710 2483 n'est
726 2449 861 2496 qn'une
881 2450 974 2484 fable
990 2450 1076 2485 bien
1091 2450 1193 2486 facile
1210 2453 1228 2486 a
1247 2451 1395 2494 refutem
1413 2449 1535 2497 quand
1553 2462 1600 2485 on

191 2510 258 2543 sait
286 2508 464 2556 qn’Acacc
495 2507 582 2541 ‹21:1st
612 2515 707 2542 mort
737 2508 799 2542 ‹cli-s
830 2509 906 2555 489.
946 2509 1045 2544 Nous
1075 2509 1220 2546 n’avons
1250 2521 1313 2558 pas
1347 2509 1601 2545 connaissance

190 2569 426 2616 qu⁷Anastasc
447 2568 478 2601 ll
500 2569 551 2601 ait
570 2569 627 2602 etc
640 2570 785 2604 euterre'·
805 2571 824 2603 ἐι
842 2569 1105 2605 Saint-Pierre.

237 2630 287 2673 (2)
314 2628 437 2663 Lisez:
467 2628 696 2662 Themlorici.

239 2686 287 2731 (3)
316 2689 432 2722 rueme
450 2687 692 2722 observation.
