1738 3043
183 255 232 290 52
547 244 784 285 HISTORIA
815 242 1215 282 ECCLESIASTICA.

182 349 314 395 sagax
351 326 575 392 cogitatio
602 326 836 380 devastat,
872 323 1062 369 alterius
1096 322 1236 368 etiam
1268 328 1475 367 mentem
1505 337 1591 367 vo-

184 409 338 471 luptas
364 403 515 451 carnis
547 401 791 466 inquinat,
818 398 1083 446 fastidiosus
1114 398 1312 462 quisque
1345 394 1401 442 ad
1435 396 1592 460 epulas

186 483 406 550 perennis
431 482 540 527 vitae
565 496 663 527 non
689 478 880 525 festinat
897 478 989 541 (ι).

253 561 466 607 Salvator
488 555 792 622 sequentibus
822 554 972 600 turbis
997 551 1359 600 necessitudines
1383 551 1592 616 insuper,

187 649 235 686 et
255 638 461 684 animam
490 651 621 680 suam
649 632 911 687 relicturis,
945 641 991 677 et
1020 641 1252 694 assumpta
1279 645 1416 675 cruce
1443 628 1597 692 ipsum

189 714 417 763 secuturis
431 749 443 769 ,
461 710 820 758 similitudinem
839 708 1125 755 aedilicandae
1146 708 1287 754 turris
1302 724 1362 754 ne
1379 706 1600 754 deficiant

189 793 420 860 suggerit,
448 801 495 837 et
522 790 579 836 de
605 787 731 836 bello
762 787 967 834 duorum
999 803 1164 850 regum
1195 784 1464 850 exemplum
1487 802 1603 849 pro-

190 873 330 937 ponit
350 871 438 934 (2).

256 941 670 994 Mul-murantibus
692 941 748 988 de
771 949 1072 1004 peccatorum
1093 939 1314 985 convivio
1333 936 1606 1002 parabolam

193 1025 294 1072 ovis
319 1033 365 1070 et
383 1021 588 1084 dragmae
606 1018 745 1082 ponit
757 1036 769 1073 ;
791 1033 992 1081 quarum
1013 1016 1135 1060 sicut
1152 1014 1358 1078 perditio
1377 1031 1609 1079 possesso-

195 1118 296 1148 rem
334 1097 664 1152 contristavit,
704 1096 768 1140 sic
808 1094 1022 1140 inventio
1059 1092 1332 1138 laetificavit.
1356 1087 1610 1139 'Gaudium

199 1180 356 1242 itaque
379 1175 436 1222 de
461 1172 741 1238 poenitentis
761 1171 907 1217 salute
927 1170 1144 1216 futurum
1167 1170 1341 1234 angelis
1363 1187 1612 1218 commen-

199 1255 356 1303 datur.
385 1250 675 1300 Poenitentia
706 1267 814 1296 vera
846 1259 916 1295 est
941 1257 1207 1312 perpetrata
1240 1247 1359 1294 mala
1393 1247 1615 1314 plangere

201 1342 249 1379 et
284 1328 496 1377 deflenda
535 1344 633 1373 non
670 1327 855 1373 iterare.
892 1322 1045 1370 Debet
1080 1324 1221 1370 etiam
1256 1325 1338 1388 qui
1378 1325 1616 1372 commisit

201 1405 470 1472 prohibita,
505 1402 782 1466 sibimetipsi
816 1400 1054 1448 abscidere
1083 1417 1323 1458 concessa,
1357 1412 1411 1448 ut
1439 1402 1617 1450 volun-

205 1485 288 1531 tati
316 1481 564 1529 satisfaciat
589 1479 763 1526 divinae
784 1479 875 1542 (3).

271 1560 504 1608 Dominus
522 1556 792 1623 parabolam
809 1556 946 1620 ponit
959 1555 1015 1603 de
1030 1555 1153 1621 frugi
1175 1567 1218 1603 et
1235 1556 1480 1605 luxurioso
1498 1558 1617 1617 filio,

207 1651 254 1687 et
285 1638 554 1685 reversione
583 1634 769 1699 prodigi
802 1633 858 1680 ad
886 1643 1096 1698 patrem,
1133 1644 1180 1680 et
1209 1633 1502 1700 benignitate
1529 1654 1621 1702 qua

207 1728 340 1782 pater
371 1733 480 1763 eum
517 1713 721 1777 suscepit
756 1723 802 1759 et
836 1711 1071 1758 osculatus
1103 1721 1202 1768 est3
1240 1722 1287 1759 et
1319 1713 1474 1760 induit
1504 1714 1622 1762 stola

210 1795 361 1858 prima
378 1829 388 1848 ,
418 1791 463 1838 id
484 1803 552 1838 est
570 1800 698 1837 veste
724 1789 1011 1836 innocentiae
1025 1824 1038 1846 ‚
1063 1798 1110 1835 et
1127 1788 1256 1834 dedit
1273 1789 1504 1836 annulum
1525 1791 1626 1838 sin-

213 1889 332 1918 cerae
353 1870 479 1926 fidei,
494 1879 540 1915 et
557 1868 880 1924 calciamenta,
898 1865 944 1912 id
956 1876 1025 1912 est
1039 1866 1245 1913 officium
1258 1866 1622 1931 evangelizandi.

210 1950 378 1995 Manus
397 1947 553 2010 itaque
572 1956 618 1992 et
636 1944 774 2009 pedes
795 1944 1007 1991 conversi
1023 1979 1036 2000 ,
1058 1943 1103 1989 id
1123 1954 1192 1991 est
1208 1961 1326 2008 opus
1343 1954 1391 1992 et
1408 1962 1597 1995 cursum
1611 1982 1625 2004 ,

214 2029 338 2074 Deus
378 2024 595 2079 ornavit,
639 2033 686 2069 et
726 2022 882 2068 occiso
917 2021 1070 2068 vitulo
1108 2022 1317 2087 saginato
1358 2025 1629 2071 convivium

217 2101 488 2149 celebravit.
511 2099 649 2145 Unde
669 2099 827 2145 senior
845 2097 994 2155 filius,
1019 2097 1065 2144 id
1081 2109 1149 2145 est
1166 2098 1385 2146 Judaicus
1406 2102 1627 2165 populus,

218 2180 275 2225 de
298 2194 434 2241 agro,
463 2175 510 2221 id
540 2187 609 2222 est
633 2175 856 2222 exteriori
885 2173 1237 2231 observatione,
1270 2186 1324 2222 ut
1353 2177 1516 2224 domui
1549 2198 1633 2244 ap—

220 2252 588 2318 propinquavit,
615 2261 662 2297 et
685 2251 1015 2315 symphoniam
1046 2262 1092 2297 et
1121 2251 1322 2299 chorum
1353 2255 1556 2314 audivit,
1588 2257 1634 2304 id

225 2341 294 2375 est
313 2328 517 2373 ecelesiae
546 2326 666 2373 filios
686 2328 868 2391 Spiritu
893 2328 1067 2375 Sancto
1085 2329 1250 2393 plenos
1270 2333 1490 2380 consonis
1507 2336 1634 2381 voci-

226 2406 313 2451 bus
347 2403 649 2466 lixangelium
682 2403 939 2466 praedicare
975 2404 1204 2463 advertit3
1239 2410 1425 2473 cognita
1457 2410 1636 2459 laetitiae

229 2499 387 2537 causa,
422 2479 542 2543 patri
575 2479 842 2544 indignatus
873 2491 941 2527 est
953 2500 966 2539 3
996 2491 1042 2528 et
1072 2483 1202 2548 quod
1233 2502 1327 2532 suae
1357 2486 1637 2535 devastatori

281 2731 328 2773 (ι)
347 2729 430 2763 Luc.
455 2740 521 2766 xiv,
549 2727 663 2761 iti—20.
693 2748 727 2753 -
748 2730 796 2771 (ν.)
817 2729 901 2763 Luc.
924 2740 992 2772 xiv,
1014 2727 1131 2764 25-32.
1147 2729 1256 2775 -(5)
1276 2731 1360 2766 [υς.
1384 2744 1438 2770 Π,
1462 2746 1554 2768 ¹40.
