1738 3043
178 248 195 280 7
207 245 226 282 4
545 241 786 282 HISTORIA
815 241 1216 284 ECCLESIASTICA.

181 342 304 372 unns
322 325 537 369 assistens
554 323 887 370 ministrorum
904 320 1034 369 dedit
1050 322 1229 387 alapam
1246 323 1357 369 Jcsu
1369 356 1382 379 ,
1399 321 1583 370 dicens:

180 402 265 449 Sic
293 399 549 466 respondes
569 398 832 465 pontifici?
860 399 1120 463 Respondit
1138 399 1177 446 ei
1197 400 1327 446 Jesus
1352 416 1362 443 ε
1389 398 1448 447 Si
1462 400 1589 447 male

179 481 365 526 loculus
389 495 520 536 sunl,
549 479 866 524 testimonium
887 477 1084 543 perhibe
1105 478 1163 525 de
1184 477 1337 534 malo;
1363 483 1409 525 si
1431 489 1589 526 autem

180 557 320 612 bene,
357 554 480 618 quid
510 571 584 601 me
617 553 809 601 credis?
835 556 896 602 Et
925 554 1053 600 misit
1076 572 1185 602 eum
1207 554 1367 601 Annas
1395 553 1454 602 ad
1485 554 1588 601 Cai-

178 632 319 697 pham
342 631 620 697 pontificem
645 631 857 696 ligatum.

242 711 382 758 Mane
403 710 548 766 sacto,
573 720 626 756 ut
644 709 894 757 Matthaeus
910 708 1079 766 refert,
1102 709 1355 757 consilium
1376 710 1590 757 inierunt

178 805 344 834 omnes
368 787 607 851 principes
631 786 925 833 sacerdotum
948 796 996 833 et
1018 786 1224 833 seniores
1247 785 1411 850 populi
1432 785 1592 833 adver·

177 882 254 910 sus
284 864 470 920 Jesum,
505 874 559 909 nt
587 881 694 910 eum
718 864 864 910 morti
898 862 1164 918 traderent3
1198 872 1244 909 et
1270 862 1486 909 vinctum
1508 861 1591 908 ad-

179 942 422 989 duxerunt
450 959 585 998 eum,
612 952 659 988 et
684 941 982 989 tradiderunt
1008 941 1181 989 Pontio
1205 941 1356 988 Pilato
1379 939 1588 1005 praesidi.

178 1019 324 1064 Lucas
352 1018 599 1066 contexuit
624 1018 947 1065 narrationem
977 1017 1035 1064 de
1072 1016 1141 1064 his
1175 1034 1282 1082 quae
1308 1017 1431 1064 circa
1454 1033 1594 1064 mane

180 1112 288 1140 cum
315 1095 525 1142 Domino
557 1105 681 1160 gesta
715 1105 848 1151 sunt,
876 1092 1069 1160 quando
1101 1094 1218 1151 viri,
1249 1093 1330 1158 qui
1366 1091 1594 1141 tenebant

179 1191 313 1228 cum,
343 1172 606 1220 illudebant
634 1174 700 1230 ei,
734 1173 987 1228 caedente53
1015 1182 1062 1220 et
1084 1173 1360 1219 velaverunt
1382 1189 1516 1228 eum,
1545 1180 1594 1218 et

176 1249 507 1315 percutiebant
524 1250 691 1297 faciem
710 1253 830 1315 eju5‚
854 1261 900 1298 et
918 1241 1066 1297 multa
1084 1248 1460 1314 blasphemantes
1475 1247 1593 1296 dice·

176 1327 293 1374 bant
315 1329 361 1373 in
380 1345 505 1374 eum.
532 1329 676 1375 Facto
698 1338 855 1374 autem
874 1325 972 1383 die,
995 1327 1203 1374 seniores
1224 1324 1372 1390 plebis
1391 1334 1439 1372 et
1460 1324 1593 1388 prin-

175 1407 301 1469 cipes
332 1405 631 1452 sacerdotum
655 1415 703 1451 et
736 1404 904 1451 scribae
937 1413 1291 1463 convenerunt,
1327 1412 1374 1449 et
1407 1402 1456 1448 in
1481 1417 1592 1448 con-

175 1482 339 1527 cilium
353 1499 490 1528 suum
506 1482 638 1527 illum
651 1481 911 1538 duxerunt,
925 1480 1132 1528 dicentes
1144 1499 1153 1526 :
1165 1480 1223 1526 Si
1232 1491 1281 1525 tu
1291 1497 1338 1525 es
1353 1477 1589 1535 Christus,

175 1560 258 1607 dic
290 1560 444 1607 nobis.
481 1559 664 1620 Quibus
688 1561 753 1606 ait
777 1581 786 1606 :
809 1560 866 1606 St
884 1559 1020 1607 vobis
1047 1560 1242 1616 dixero,
1269 1575 1365 1605 non
1388 1556 1590 1604 credetis

175 1638 306 1684 mihi.
347 1638 406 1684 Si
438 1649 597 1684 autem
628 1649 671 1684 et
703 1641 1076 1701 interrogavero,
1116 1654 1212 1683 non
1243 1633 1590 1701 respondebitis

176 1715 319 1772 mihi,
356 1733 508 1779 neque
540 1715 803 1761 dimittetis.
841 1716 926 1760 Ex·
955 1713 1041 1759 lzoc
1075 1714 1163 1759 erit
1190 1713 1242 1758 F
1238 1712 1350 1759 ilius
1381 1711 1590 1758 hominis

172 1793 338 1839 sedens
365 1812 396 1839 α
421 1793 604 1839 dextris
636 1794 822 1840 virtutis
854 1793 965 1838 Dei.
1001 1792 1238 1838 Dixerunt
1266 1807 1431 1838 omnes
1466 1807 1476 1834 :
1516 1789 1590 1834 Tu

172 1888 286 1933 ergo
315 1889 362 1917 es
390 1872 441 1916 F
439 1871 552 1916 ilius
583 1870 714 1916 Dei?
747 1870 838 1930 Qui
865 1869 930 1916 ait
961 1890 969 1914 :
1004 1869 1059 1913 V
1055 1887 1107 1915 os
1140 1868 1326 1925 dicitis,
1359 1867 1477 1932 quia
1500 1882 1590 1930 ego

171 1965 292 1992 sum.
322 1947 386 1993 At
415 1948 478 1992 illi
505 1947 730 1994 dixerunt
753 1965 762 1991 .·
793 1946 930 2010 Quid
951 1946 1115 1992 adlzuc
1143 1944 1475 1992 desideramus
1503 1955 1590 1992 tes·

171 2026 458 2073 timonium?
478 2027 586 2093 Ipsi
607 2028 730 2072 enim
759 2026 1033 2072 audivimus
1059 2024 1120 2070 de
1146 2042 1226 2072 ore
1249 2025 1370 2089 ejus.
1399 2023 1465 2069 Et
1481 2039 1591 2068 sur-

168 2122 283 2167 gens
312 2105 468 2152 omnis
492 2105 753 2151 multitudo
784 2121 975 2161 eorum,
1001 2103 1241 2150 duxerunt
1268 2102 1404 2148 illum
1427 2100 1484 2148 ad
1507 2101 1590 2148 Pi-

171 2181 336 2227 latum.
365 2183 476 2228 Haec
499 2182 658 2229 omnia
687 2183 832 2228 Lucas
864 2181 1092 2227 narravit.
1125 2177 1376 2226 Matthaeus
1400 2193 1515 2225 vero
1543 2188 1591 2226 et

170 2259 358 2304 Marcus
396 2269 712 2306 narraverunt
751 2276 800 2305 ea
837 2275 944 2322 quae
976 2274 1085 2303 cum
1117 2257 1326 2304 Domino
1354 2265 1453 2303 acta
1479 2265 1592 2303 sunt

171 2352 319 2399 usque
348 2335 405 2381 ad
436 2353 588 2383 mane.
626 2335 716 2382 Sed
751 2345 910 2398 postea
946 2334 1191 2382 redierunt
1219 2333 1276 2380 ad
1306 2331 1591 2380 narrandam

172 2413 298 2459 Petri
321 2413 638 2476 negationem.
662 2412 762 2472 Qua
783 2413 1030 2459 terminata
1046 2448 1058 2469 ‚
1081 2411 1330 2461 redierunt
1345 2411 1403 2459 ad
1421 2427 1584 2468 mane,

170 2501 225 2535 ut
240 2490 347 2537 inde
361 2501 510 2537 cetera
525 2500 949 2556 contexerentquae
959 2509 1068 2538 cum
1080 2491 1288 2538 Domino
1298 2499 1424 2556 gesta
1436 2499 1584 2537 erant.

233 2568 438 2614 Joanncs
474 2585 666 2633 quoque
706 2587 715 2612 .·
761 2568 1052 2627 Adducunt,
1092 2568 1275 2633 inquit,
1318 2567 1483 2614 Jesum
1519 2566 1590 2612 ad

171 2645 405 2711 (hapham
457 2647 504 2690 ιή
539 2649 832 2711 praetorium.
872 2647 996 2693 Erat
1029 2656 1190 2692 autem
1217 2660 1385 2700 mane,
1421 2653 1464 2689 et
1494 2644 1590 2708 ipsi

171 2740 265 2766 mm
302 2724 604 2774 introierunt,
644 2735 691 2767 u!
723 2741 815 2769 non
851 2725 1305 2779 contaminarentur,
1338 2720 1425 2768 sed
1448 2737 1587 2769 man-
