1738 3043
136 189 215 228 432
503 187 744 226 HISTORIA
774 187 1177 228 ECCLESIASTICA.

136 268 426 316 devastatum
453 278 540 314 cst.
569 267 797 315 Praefatus
817 286 929 316 vero
953 287 1067 333 papa
1097 281 1347 336 postquam
1365 273 1549 336 episco-

135 364 221 410 pos
248 363 293 391 iv
313 345 578 405 ordinavit,
610 346 732 410 apud
763 345 952 393 beatum
979 348 1174 394 Petrum
1194 360 1263 395 1v⁰
1290 366 1438 397 nonas
1461 368 1550 398 au·-

135 424 256 487 gusti
283 422 492 485 sepultus
517 433 610 480 est,
637 434 684 470 et
703 424 894 471 cessavit
918 425 1211 489 episcopatus
1231 425 1470 474 mensibus
1492 444 1548 474 111

136 499 301 545 dicbus
328 501 542 560 Χκινζι).

201 579 406 626 Joannes
441 577 677 634 Dalmata,
716 596 770 624 ex
805 589 937 642 patre
971 578 1208 626 Vcnantio
1244 579 1549 638 scholastico,

139 654 258 702 sedit
291 673 417 702 anno
454 671 552 701 uno
595 654 836 701 mensibus
875 673 921 702 1x
957 654 1120 702 dicbus
1163 673 1301 703 xv111.
1351 657 1438 703 Hic
1469 675 1555 721 per

139 751 332 781 omnem
370 732 646 778 Dalmatiam
689 743 734 779 et
777 733 959 778 Istriam
1001 733 1170 780 multas
1210 735 1432 798 pecunias
1465 748 1556 800 pro

138 811 465 875 redemptione
503 811 799 875 captivorum
837 829 922 874 per
954 812 1299 858 sanctissimum
1336 811 1557 860 abbatem

140 888 403 934 Martinum
422 887 574 942 misit,
603 896 650 933 et
670 885 777 933 inde
798 886 1019 951 reliquias
1039 899 1312 934 sanctorum
1335 888 1558 936 decenter

142 964 388 1011 transferri
417 963 545 1010 fecit.
579 964 681 1027 Ipse
714 973 782 1010 1v⁰
819 963 920 1009 idus
952 962 1166 1010 octobris·
1196 964 1319 1028 apud
1343 975 1558 1012 sanctum

141 1043 333 1087 Petrum
353 1040 562 1105 sepultus
582 1049 675 1098 est,
698 1050 744 1086 et
766 1041 958 1086 cessavit
975 1041 1270 1104 episcopatus
1287 1057 1446 1088 mense
1460 1057 1559 1088 uno

141 1117 305 1165 diebus
328 1135 416 1164 xm
438 1117 532 1181 (2).

209 1195 490 1242 Theodorus
515 1194 736 1251 Graecus,
773 1212 830 1242 ex
862 1205 994 1259 patre
1020 1195 1276 1243 Theodoro
1309 1196 1558 1260 episcopo,

143 1274 200 1321 de
227 1274 415 1320 civitate
434 1272 728 1337 Jerosolyma
742 1309 754 1329 ‚
782 1273 900 1319 sedit
919 1274 1055 1319 annis
1081 1290 1129 1320 v1
1150 1273 1390 1320 mensibus
1410 1289 1440 1320 v
1459 1272 1563 1320 die-⁴

139 1352 230 1399 bus
256 1369 394 1398 xv111.
424 1352 561 1397 Tunc
579 1350 808 1397 nefandus
831 1351 1086 1397 Mauricius
1111 1349 1422 1399 chartularius
1446 1367 1565 1398 con-

146 1441 216 1477 tra
249 1431 448 1476 Isacium
482 1429 733 1493 patricium
771 1429 1085 1485 intartizavit,
1119 1440 1166 1476 et
1193 1446 1357 1476 omnes
1384 1427 1565 1493 judices

146 1527 254 1554 cum
275 1508 483 1554 exercitu
503 1507 806 1552 sacramentis
834 1523 992 1552 secum
1021 1507 1231 1553 strinxit.
1259 1507 1428 1553 Isacius
1447 1514 1564 1553 vero

145 1586 338 1632 Donum
353 1584 631 1648 magistrum
651 1583 855 1628 militum
874 1594 920 1630 et
935 1582 1226 1629 sacellarium
1243 1601 1382 1630 suum
1397 1594 1565 1631 contra

147 1681 256 1710 eum
293 1662 451 1718 misit,
496 1671 779 1724 captumque
819 1660 1072 1717 decollari,
1120 1671 1166 1707 et
1206 1671 1346 1724 caput
1380 1663 1478 1725 ejus
1515 1661 1565 1708 in

147 1741 307 1804 stipite
337 1742 383 1785 in
412 1740 539 1785 circo
560 1739 844 1785 Ravennatis
867 1739 982 1801 poni
1012 1738 1149 1794 fecit,
1175 1748 1222 1785 et
1247 1736 1492 1786 imbriatos
1516 1738 1567 1784 in

147 1828 278 1863 arcto
304 1833 489 1862 carcere
514 1825 567 1860 ut
585 1814 872 1878 punirentur
891 1815 1109 1861 servavit.
1131 1815 1232 1877 lpse
1249 1824 1406 1860 autem
1425 1813 1569 1878 paulo

149 1905 257 1960 post
282 1905 403 1940 nutu
422 1893 506 1940 Dei
536 1891 694 1939 subito
719 1893 884 1957 periit,
912 1902 958 1939 et
978 1891 1257 1939 Theodorus
1277 1891 1485 1956 Calliopa
1508 1889 1568 1937 ab

152 1974 438 2037 imperatore
459 1971 626 2017 missus
652 1970 708 2016 ad
732 1971 942 2035 regimen
966 1970 1110 2016 ltaliae
1141 1970 1376 2018 successit.
1405 1969 1568 2017 Theo-

149 2051 293 2098 dorus
318 2067 432 2113 papa
456 2049 663 2094 multum
682 2049 787 2113 pius
812 2059 858 2094 et
875 2046 1030 2095 bonus
1047 2047 1164 2105 fuit,
1190 2058 1237 2095 et
1255 2047 1496 2113 Pyrrhum
1514 2061 1566 2093 ac

150 2127 348 2173 Paulum
385 2125 631 2172 haereticos
665 2126 908 2190 episcopos
946 2124 1388 2189 Constantinopolis
1421 2123 1569 2189 depo-

151 2205 262 2250 suit.
283 2204 369 2250 Hic
384 2204 627 2268 episcopos
646 2219 758 2250 XLvl
775 2203 1031 2250 ordinavit.
1050 2201 1157 2248 Idus
1174 2202 1283 2248 maii
1303 2201 1360 2248 ad
1376 2200 1570 2247 beatum

198 2394 250 2439 (ι)
273 2393 333 2439 (29
350 2394 481 2426 mai-11
504 2392 653 2427 octobre
670 2391 769 2435 640.)
786 2393 832 2426 Le
851 2391 982 2438 pillage
998 2391 1049 2425 du
1063 2393 1178 2426 tresor
1196 2390 1300 2438 papa!
1317 2395 1380 2425 eut
1392 2388 1465 2423 lieu
1478 2387 1568 2422 dans

154 2450 366 2486 l'intervalle
385 2462 480 2485 assez
499 2450 584 2497 long
605 2450 668 2497 qui
694 2449 846 2484 s'ecoula
871 2457 974 2485 entre
1000 2449 1180 2485 l'elcction
1205 2455 1243 2484 et
1266 2446 1499 2483 l’ordination
1523 2445 1569 2481 de

155 2512 316 2547 Sex-erin.

202 2572 252 2615 (2)
276 2572 334 2615 (24
358 2569 549 2604 decembre
573 2569 704 2612 640-11
734 2569 882 2604 octobre
907 2569 1006 2615 642.)
1032 2570 1096 2604 Les
1123 2567 1278 2615 reliques
1303 2565 1395 2600 dont
1418 2564 1442 2599 il
1466 2565 1569 2612 s'agit

157 2630 245 2664 dans
264 2642 303 2664 ce
318 2629 542 2676 paragrapho
558 2630 691 2663 etaient
709 2628 813 2663 celles
829 2628 874 2662 de
893 2628 987 2663 saint
1002 2629 1189 2668 Anastase,
1207 2624 1253 2660 de
1274 2624 1368 2659 saint
1382 2623 1568 2666 Venance,

158 2688 202 2722 dc
223 2689 314 2723 saint
333 2689 437 2723 Mau·-
455 2694 491 2721 εἰ
509 2687 554 2720 de
569 2687 663 2721 leurs
683 2698 940 2732 compagnons.
