1738 3043
104 206 182 245 454
471 203 713 242 HISTORIA
748 202 1151 242 ECCLESIASTICA.

167 284 450 333 Valentinus
479 283 751 342 Romanus,
782 300 838 330 ex
872 293 1006 347 patre
1037 284 1205 339 Petro,
1238 281 1297 329 de
1331 282 1526 348 regione

102 363 188 409 Via
215 364 324 408 Lata
341 396 354 418 ‚
382 360 565 407 cunctis
592 360 777 425 pollens
798 360 1082 416 virtutibus,
1109 360 1227 408 sedit
1251 359 1417 408 diebus
1445 375 1523 408 Χῖ..

104 441 191 487 Hic
226 438 285 485 ab
310 439 540 503 episcopis
564 449 757 486 centum
789 448 836 486 et
862 437 1142 504 proceribus
1166 439 1526 497 Romanorum,

103 518 333 583 omnique
358 517 539 583 populo
560 517 606 564 in
632 517 810 581 palatio
835 518 1137 565 Lateranensi
1158 517 1334 565 electus
1357 528 1454 574 est,
1481 528 1529 565 et

103 596 161 643 de
181 596 370 642 ccclesia
396 607 571 642 sanctae
594 595 678 643 Dei
703 596 946 660 genitricis
970 596 1132 642 Mariae
1157 606 1424 660 assumptus
1440 633 1453 652 ‚
1482 605 1529 643 et

102 673 149 720 in
175 673 438 738 pontificali
467 672 646 720 throno
663 673 844 737 positus
863 684 933 720 est
946 709 958 729 ,
978 673 1057 720 sed
1080 673 1224 738 paulo
1242 683 1353 738 post
1371 684 1528 720 sancte

103 750 357 799 defunctus
382 762 451 799 est
471 752 565 814 (i).

166 831 427 895 Gregorius
453 832 723 887 Romnum,
762 847 820 877 ex
853 839 988 894 patre
1019 831 1228 886 Joanne,
1257 829 1458 894 pulcher
1482 841 1530 877 et

102 909 303 968 nobilis,
326 910 508 973 sapiens
528 919 576 955 et
598 918 810 965 sanctus,
839 908 960 955 sedit
977 909 1114 955 annis
1131 925 1231 955 xw.
1254 909 1394 956 Tunc
1413 908 1530 974 Aga-

104 988 205 1034 reni
239 986 296 1034 de
327 985 502 1033 finibus
533 986 628 1032 suis
660 986 907 1042 exierunt,
942 996 990 1033 et
1023 985 1196 1033 insulas
1229 1002 1283 1032 ac
1314 986 1531 1051 regiones

104 1064 487 1111 Christianorum
520 1064 727 1129 graviter
757 1063 1122 1121 desolaverunt,
1160 1062 1533 1130 hominibusque

103 1143 362 1207 peremptis
386 1141 597 1188 basilicas
621 1152 668 1189 et
700 1141 963 1189 habitacula
990 1141 1203 1189 fidelium
1232 1141 1530 1206 despoliave-

103 1229 222 1266 runt
261 1229 308 1265 et
341 1217 681 1266 debacchantes
722 1218 1079 1266 destruxerunt.
1121 1217 1382 1283 Gregorius
1416 1234 1532 1284 ergo

103 1314 222 1362 papa
246 1313 409 1343 muros
432 1296 577 1342 Ostiae
601 1295 715 1343 fecit
727 1331 741 1354 ,
764 1313 872 1362 quae
891 1295 955 1343 ob
973 1295 1064 1343 hoc
1082 1294 1392 1360 postmodum
1407 1293 1534 1342 Gre-

104 1372 430 1438 gorianopolis
461 1372 585 1418 dicta
611 1383 698 1420 est.
731 1373 820 1422 Hic
850 1372 936 1419 alia
964 1373 1214 1419 innumera
1244 1371 1372 1420 bona
1397 1370 1529 1419 fecit.

103 1451 278 1498 Multas
298 1451 427 1497 enim
446 1449 658 1497 basilicas
684 1451 980 1507 construxit,
1008 1461 1056 1497 et
1080 1449 1231 1496 multa
1257 1459 1535 1497 sanctorum

108 1546 310 1593 corpora
350 1528 617 1584 transtulit,
650 1538 698 1574 et
732 1528 780 1574 in
814 1528 927 1574 locis
960 1527 1248 1590 opportunis
1280 1526 1536 1591 diligenter

108 1607 304 1670 aptavit.
340 1606 597 1669 Episcopos
622 1622 806 1651 ccxxxv
831 1605 1148 1660 consecravit,
1182 1614 1230 1650 et
1263 1604 1311 1650 in
1342 1602 1531 1649 basilica

111 1684 258 1730 sancti
287 1683 410 1729 Petri
441 1682 642 1746 apostoli
668 1683 879 1747 sepultus
909 1693 1006 1739 est,
1043 1692 1090 1729 et
1121 1683 1315 1729 cessavit
1348 1681 1534 1746 episco-

108 1772 244 1828 patus
267 1761 364 1807 dies
388 1777 447 1806 xv
469 1761 560 1823 (2).

172 1838 359 1902 Sergius
385 1838 650 1893 Romanus,
684 1855 739 1883 ex
769 1847 902 1902 patre
927 1837 1120 1902 Sergio,
1147 1836 1268 1884 sedit
1293 1837 1430 1883 annis
1459 1854 1532 1884 111.

111 1918 203 1978 Qui
238 1917 353 1963 dum
386 1915 561 1963 electus
594 1932 650 1962 ex
683 1932 817 1963 more
848 1915 1039 1973 fuisset,
1073 1916 1279 1963 Joannes
1310 1915 1538 1962 diaconus

110 2015 220 2044 cum
243 1995 412 2061 agresti
434 2012 579 2040 manu
598 1992 778 2041 bellicis
798 1994 902 2040 telis
920 2005 1096 2040 armata
1115 1996 1281 2057 januas
1297 1992 1466 2058 fregit,
1489 2003 1537 2040 et

110 2075 223 2139 legis
247 2084 293 2120 et
325 2072 508 2119 ordinis
532 2071 840 2119 traditionem
874 2081 1187 2137 transgressus
1204 2106 1219 2127 ‚
1252 2088 1338 2134 per
1361 2070 1459 2117 vim
1487 2070 1534 2116 in

108 2151 451 2218 patriarchium
485 2150 697 2196 intravit.
726 2150 817 2197 Sed
842 2161 951 2214 post
976 2167 1123 2196 unam
1153 2149 1322 2197 horam
1359 2165 1538 2195 cuneus

111 2234 208 2296 ejus
230 2231 403 2276 timore
427 2238 674 2292 correptus
695 2227 843 2293 fugit,
870 2238 917 2275 et
935 2229 961 2273 J
966 2245 1141 2275 oannes
1165 2228 1354 2274 invasor
1373 2235 1536 2290 captus

114 2319 162 2356 et
194 2326 339 2354 caesus
376 2324 428 2352 ac
458 2306 710 2353 diaconatu
739 2306 950 2370 privatus
979 2315 1066 2354 est.
1110 2306 1164 2352 In
1205 2304 1290 2353 illo
1321 2314 1536 2368 tempore

156 2542 207 2586 (ι)
231 2535 514 2582 (Anat-octobre
531 2535 628 2583 827.)

158 2600 209 2644 (Ἰ)
234 2595 434 2643 (827-844.)
452 2594 515 2628 Les
534 2594 715 2629 Sarrasins
729 2593 894 2628 s'etaient
911 2605 956 2628 en
975 2592 1060 2629 effet
1077 2591 1241 2639 empare's
1257 2589 1304 2624 de
1321 2588 1353 2623 la
1372 2588 1483 2624 Crete
1496 2595 1533 2624 et

113 2661 158 2696 de
177 2659 208 2693 la
227 2656 335 2692 Sicile
353 2654 398 2689 de
417 2653 484 2689 820
498 2655 516 2686 a
535 2651 622 2694 850,
637 2665 677 2687 ce
695 2653 759 2700 qui
776 2664 936 2699 engagea
953 2652 1136 2698 Gregoire
1153 2650 1206 2687 IV
1225 2651 1244 2683 a
1257 2647 1414 2683 fortifier
1427 2647 1536 2684 Ostie

115 2731 208 2767 pour
226 2714 387 2763 garantir
404 2712 521 2747 Rome
540 2711 585 2747 dc
605 2712 702 2747 leurs
720 2711 903 2747 attcintes.

1721 0 1738 73 l
