1738 3043
246 205 292 242 44
607 206 846 245 HISTORIA
876 207 1274 248 ECCLESIASTICA.

245 283 500 333 coel01·111›1,·
531 293 577 328 ct
606 284 814 349 reffqua,
850 303 955 351 quae
987 287 1171 334 locutus
1203 299 1270 335 est
1298 288 1354 335 de
1381 287 1642 339 humilitate

243 370 290 407 et
328 361 717 417 mansuetudine,
760 362 816 410 de
851 364 1065 411 cavendis
1104 365 1383 428 pusillorum
1419 367 1644 415 scandalis

245 447 291 484 ct
313 437 539 484 fratribus
563 437 766 504 benigne
796 442 1087 506 castigandis.
1115 443 1292 490 Deinde
1311 443 1368 490 de
1394 442 1645 510 indulgen-

246 515 306 559 tia
342 514 546 561 fraterna
582 518 824 574 tractavit,
859 529 905 565 ct
936 518 1204 583 parabolam
1240 520 1296 567 de
1327 538 1435 586 rege
1465 537 1646 586 propo-

243 590 359 647 suit,
387 592 467 655 qui
487 609 622 640 servo
645 595 926 658 supplicanti
948 595 1109 642 decem
1128 596 1273 643 millia
1293 597 1464 644 talenta
1485 597 1647 644 indul-

244 667 329 724 sit,
357 678 403 715 et
426 668 482 716 de
507 669 672 717 eodem
694 689 829 718 servo
852 673 933 736 qui
964 682 1155 719 centum
1177 672 1392 720 denarios
1417 689 1646 722 conservo

243 760 328 790 suo
358 745 628 793 condonare
664 747 820 793 noluit
851 748 943 811 (1).
981 748 1326 795 consummatis
1351 747 1647 796 sermonibus

244 831 351 883 post
375 821 635 880 tributum,
668 823 725 870 de
750 824 1014 872 humilitate
1039 825 1407 872 commendanda
1432 835 1477 873 et
1503 826 1649 873 inno-

245 900 395 945 centia
410 935 422 957 ‚
443 899 500 947 de
521 902 818 948 correctione
845 911 893 949 et
909 903 1042 948 venia
1058 938 1071 959 ,
1099 903 1203 966 pius
1224 901 1392 949 doctor
1410 920 1432 948 a
1457 902 1648 950 Galilaea

245 978 466 1041 migravit
488 989 535 1024 et
563 979 611 1025 in
641 979 756 1026 fines
783 978 957 1026 Judaeae
983 989 1110 1026 trans
1133 979 1385 1027 Jordanem
1406 981 1553 1027 venit.
1577 977 1647 1026 lbi

247 1065 493 1117 sequentes
522 1053 681 1101 turbas
706 1056 888 1101 curavit
910 1057 1003 1119 (2).

307 1132 714 1197 Interrogantibus
743 1133 980 1196 pharisaeis
1011 1135 1047 1179 si
1079 1133 1188 1180 licet
1218 1134 1322 1180 viro
1347 1149 1546 1180 uxorem
1581 1132 1652 1179 di-

245 1209 459 1265 mittere,
505 1209 690 1255 firmam
730 1210 880 1274 legem
919 1211 1125 1274 conjugii
1164 1210 1392 1274 protulit,
1434 1209 1594 1257 dicens
1636 1230 1647 1255 z

249 1286 394 1348 Quod
413 1287 544 1333 Deus
563 1288 818 1352 conjunxit
834 1324 850 1344 ,
877 1288 1016 1334 homo
1041 1306 1137 1335 non
1162 1299 1348 1354 separet
1364 1287 1454 1352 (3).

309 1365 445 1410 Tunc
461 1363 605 1410 oblati
627 1375 738 1410 sunt
754 1366 793 1411 ei
813 1365 996 1428 parvuli
1013 1400 1025 1422 ,
1047 1375 1100 1410 ut
1115 1382 1281 1410 manus
1301 1365 1364 1411 eis
1385 1365 1652 1427 imponeret

247 1450 293 1486 et
316 1450 489 1486 oraret.
518 1440 747 1504 Discipuli
778 1450 935 1487 autem
966 1439 1381 1487 comminabantur
1409 1440 1651 1487 offerenti-

245 1515 349 1562 bus.
376 1518 504 1563 Jesus
539 1534 650 1564 vero
682 1516 874 1582 indigne
908 1517 1063 1564 feroes
1092 1517 1157 1562 ait
1190 1537 1198 1561 :
1242 1515 1394 1563 Sinite
1417 1516 1652 1582 parvulos

244 1594 405 1639 venire
432 1594 502 1640 ad
523 1612 596 1640 me
620 1606 663 1642 ec
683 1595 829 1641 nolite
851 1611 926 1641 eos
942 1594 1220 1660 prohibere5
1241 1595 1414 1642 talium
1435 1607 1503 1642 est
1525 1596 1652 1642 enim

249 1688 446 1734 regnum
466 1671 689 1718 coeloriim
707 1672 796 1735 (4).

308 1746 449 1795 Genu
476 1747 598 1795 ssexo
627 1747 937 1808 adolescenti,
963 1750 1087 1795 viam
1116 1749 1276 1796 salutis
1300 1759 1492 1796 aeternae
1521 1765 1651 1814 quae-

247 1826 390 1882 renti,
419 1835 671 1890 postquam
689 1837 922 1890 praecepta
940 1827 1052 1892 legis
1080 1828 1345 1886 intimarat,
1372 1826 1540 1891 adjecit
1563 1846 1573 1872 :
1597 1826 1655 1873 Si

247 1904 321 1948 vis
351 1902 590 1968 peffectus
625 1921 750 1963 esse,
790 1905 945 1961 vade,
980 1905 1136 1952 vende
1177 1923 1285 1970 quse
1326 1904 1470 1953 habes
1509 1915 1552 1951 ec
1585 1904 1653 1951 da

244 1982 540 2046 pauperibus
574 1994 616 2028 et
648 1982 842 2029 habebis
868 1983 1138 2030 thesaurum
1171 1986 1222 2030 in
1249 1983 1369 2031 coelo
1381 2006 1402 2040 ;
1433 1994 1476 2029 et
1508 1983 1650 2039 veni,

247 2075 440 2122 sequere
470 2077 558 2106 me.
597 2059 681 2107 llle
713 2069 870 2107 autem
895 2060 967 2107 his
1000 2061 1197 2118 auditis,
1236 2061 1345 2126 quia
1374 2060 1544 2108 multas
1575 2059 1656 2106 ha-

249 2131 390 2180 bebat
424 2136 762 2198 possessiones,
801 2135 919 2181 abiit
950 2137 1113 2182 tristis.
1156 2139 1293 2183 Tunc
1330 2136 1450 2182 dixit
1483 2137 1614 2183 Jesus
1642 2156 1652 2180 :

250 2212 404 2257 Amen
454 2212 564 2258 dico
611 2212 747 2258 vobis
793 2214 910 2276 quia
953 2213 1083 2260 dives
1129 2211 1322 2276 diffi'cile
1367 2212 1563 2260 intrabit
1607 2213 1658 2259 in

247 2305 447 2350 regnum
475 2289 719 2335 coelorum.
742 2290 963 2336 Facilius
991 2302 1059 2337 est
1083 2291 1318 2338 camelum
1334 2291 1657 2355 perforamen

250 2382 366 2411 acus
392 2367 620 2424 transire,
657 2383 799 2429 quam
833 2366 1024 2413 divitem
1053 2369 1229 2414 intrare
1255 2370 1304 2414 in
1333 2385 1532 2433 regnum
1554 2385 1655 2415 eoe-

297 2578 345 2620 (1)
379 2577 508 2612 Matth.
551 2589 656 2620 xviii,
701 2577 804 2621 1-35;
841 2580 950 2614 Marc.
994 2592 1045 2623 ix,
1082 2579 1210 2628 32-493
1251 2582 1336 2616 Luc.
1376 2593 1424 2623 ιι,
1466 2579 1582 2622 46-48.
1614 2600 1654 2605 -

253 2635 304 2676 (2)
323 2635 452 2669 Matth.
476 2646 553 2678 xix,
582 2649 615 2678 1,
637 2647 667 2669 2.
694 2656 739 2662 —
761 2635 811 2682 (3)
832 2637 960 2672 Matth.
984 2649 1038 2672 xix
1053 2666 1061 2682 ‚
1076 2637 1118 2680 63
1135 2638 1246 2673 Marc.
1267 2651 1303 2683 x,
1325 2651 1358 2685 9.
1386 2659 1427 2664 —
1453 2638 1503 2682 (4)
1523 2636 1651 2671 Matth.

254 2705 320 2735 nx,
350 2691 468 2736 13-15;
492 2694 599 2728 Marc.
623 2706 658 2736 x,
686 2693 811 2738 15-163
833 2695 916 2730 Luc.
935 2708 1036 2739 xviii,
1068 2694 1171 2743 15-17
