1738 3043
733 241 1011 280 PROLOGUS.
1558 245 1581 281 3

164 326 601 376 transmittantur.
622 324 698 374 De
713 323 869 374 rebus
883 324 1243 375 ecclesiasticis
1255 365 1266 386 ,
1287 336 1345 375 ut
1359 325 1580 395 simplex

162 421 384 472 ecclesiae
426 420 584 482 filius,
625 420 824 471 sincere
859 420 959 470 fari
1003 418 1259 490 dispolim
1295 433 1346 471 et
1380 422 1583 491 priscos

163 528 336 587 patres
373 535 471 587 pro
511 535 661 587 posse
698 516 1018 589 moduloque
1052 536 1169 568 meo
1207 519 1326 569 nisu
1364 537 1587 592 sequens

163 611 371 677 sedulo,
401 612 685 665 modernos
712 613 1139 665 Christianorum
1162 625 1376 666 eventus
1404 616 1587 666 rimari

163 722 214 762 et
250 712 528 783 propalare
566 724 744 781 satago
788 732 797 761 :
836 699 978 763 unde
1015 730 1244 783 praesens
1276 713 1588 783 opusculum

162 808 214 857 E
217 809 587 860 eclesiasticam
602 809 892 860 Historiam
905 808 1159 880 appellari
1172 808 1378 860 affecto.
1393 809 1510 874 Qua
1517 829 1591 860 m-

164 906 239 957 vis
268 907 411 957 enim
441 926 522 958 res
551 904 959 971 Alexandrinas,
990 926 1080 959 seu
1109 907 1348 971 Graecas,
1376 908 1456 959 vel
1483 908 1590 959 Ro·-

161 1021 342 1055 manas
358 1046 369 1066 ,
391 1004 618 1075 aliasque
640 1005 805 1054 relatu
826 1003 1014 1073 dignas
1032 1003 1287 1074 indagare
1305 1024 1563 1077 nequeam
1579 1047 1590 1069 ,

163 1102 287 1173 quia
315 1101 603 1153 claustralis
633 1101 899 1152 coenobita
928 1119 992 1151 ex
1021 1103 1244 1171 proprio
1272 1114 1397 1154 voto
1427 1122 1592 1174 cogor

164 1198 596 1268 irrefragabiliter
628 1197 766 1248 ferre
794 1197 1149 1249 monachilem
1172 1198 1589 1263 observantiam;

87 1300 97 1305 ’
164 1313 222 1346 ea
244 1307 416 1346 tamen
447 1315 562 1368 quae
588 1307 771 1346 nostro
796 1307 1034 1364 tempore
1058 1293 1190 1358 vidi,
1217 1295 1295 1346 vel
1325 1297 1381 1346 in
1401 1297 1591 1347 vicinis

164 1392 470 1462 regionibus
530 1390 779 1442 accidisse
835 1391 1069 1461 comperi
1098 1431 1109 1453 ,
1169 1390 1386 1442 elaboro
1440 1394 1588 1443 coni-

163 1490 320 1541 bente
346 1491 419 1558 (1)
452 1490 563 1540 Deo
597 1489 905 1560 simpliciter
940 1500 992 1540 et
1025 1490 1281 1540 veraciter
1316 1490 1588 1541 enucleare

164 1598 498 1656 posterorum
515 1585 772 1657 indagini.
791 1587 1039 1637 Firmiter
1054 1605 1116 1637 ex
1136 1587 1439 1658 conjectura
1461 1608 1589 1658 prae-

164 1685 442 1735 teritorum
471 1685 667 1754 opinor
694 1682 840 1756 quod
877 1696 1122 1754 exsurget
1158 1685 1276 1757 quis
1304 1704 1387 1736 me
1420 1686 1587 1738 multo

164 1781 543 1851 perspicacior,
577 1799 635 1831 ac
664 1779 730 1831 ad
762 1778 1094 1850 indagandos
1125 1780 1586 1846 multimodarum,

163 1895 278 1948 quae
302 1895 396 1947 per
418 1877 603 1928 orbem
632 1876 791 1940 fiunt,
818 1896 997 1928 rerum
1022 1889 1262 1940 eventus,
1288 1881 1586 1948 potentior;

165 1974 257 2044 qui
292 1973 515 2023 forsitan
558 1972 623 2023 de
658 1974 786 2023 meis
832 1973 1162 2045 aliorumque
1197 1975 1300 2024 mei
1336 1975 1588 2025 similium

166 2069 388 2122 scedulis
415 2071 620 2121 hauriet
642 2069 786 2142 quod
808 2070 1251 2141 chronographiae
1278 2073 1588 2123 narrationi-

165 2187 266 2242 que
283 2188 386 2221 suae
406 2167 689 2239 dignanter
706 2167 773 2219 ad
792 2170 1039 2219 notitiam
1056 2168 1359 2220 futurorum
1377 2170 1588 2222 inseret.

164 2267 488 2338 Praecipuam
509 2285 698 2337 nempe
727 2267 782 2317 in
806 2266 908 2317 hoc
935 2265 1185 2317 fiduciam
1213 2267 1412 2329 habeo,
1446 2266 1591 2340 quod

165 2365 270 2417 hoc
294 2384 427 2436 opus
456 2366 650 2436 incoepi
671 2363 958 2416 venerandi
986 2365 1125 2416 senis
1148 2365 1364 2435 Rogerii
1383 2366 1592 2418 abbatis

167 2463 391 2534 simplici
425 2475 690 2534 praecepto
713 2504 724 2526 ,
758 2463 994 2535 tibique,
1030 2475 1180 2534 pater
1216 2464 1455 2515 Guarine
1486 2464 1561 2534 (2)
1582 2507 1592 2526 ‚

216 2663 267 2707 (1)
291 2661 494 2706 Conibere‚
519 2662 736 2705 conhibere,
768 2662 941 2698 cohibere
971 2677 977 2695 z
1006 2664 1195 2706 assentiri,
1227 2665 1435 2706 connivere,
1466 2664 1597 2708 capitis

174 2727 272 2756 motu
291 2725 532 2770 acquiescere.

220 2781 270 2824 (2)
294 2780 439 2817 Guerin
457 2781 520 2817 des
549 2781 686 2818 Essarts
714 2793 761 2816 ou
779 2781 811 2817 le
829 2782 948 2826 Petit,
977 2780 1256 2827 prohahlemem
1283 2781 1482 2827 originaire
1501 2780 1546 2816 de
1567 2781 1596 2814 {a
