1738 3043
587 222 741 262 LIBER
767 221 1047 260 SECUNDUS.
1452 223 1531 260 203

118 313 359 359 taverunt,
387 313 433 349 et
453 320 593 366 super
618 303 752 349 illum
776 302 1024 367 planctum
1043 320 1266 365 magnum
1286 300 1529 357 fecerunt,

117 379 278 445 ibique
303 389 576 426 reverenter
605 379 922 443 sepelierunt;
951 396 1059 425 eum
1093 395 1190 444 quo
1223 377 1532 442 postmodum

115 457 427 514 Nicodemus,
460 456 688 504 Gamaliel
723 467 770 504 et
797 455 972 504 Abibas
1007 457 1226 503 tumulati
1263 467 1392 504 sunt.
1429 456 1532 504 lllic

118 545 275 581 tantus
302 533 544 581 thesaurus
568 533 672 598 plus
697 551 840 599 quam
865 551 947 581 ccc
973 534 1108 580 annis
1134 533 1350 590 delituit,
1379 534 1531 581 donec

115 612 250 659 illum
273 613 506 659 Lucianus
530 611 804 677 presbyter,
832 611 1070 659 revelante
1094 611 1219 668 Deo,
1248 611 1456 668 invenit,
1485 622 1533 659 et

111 691 315 737 Joannes
349 690 774 756 Jerosolymitanus
798 691 1003 755 praesul,
1033 702 1119 736 νιιυ
1143 690 1345 737 Honorii
1379 691 1533 753 impe-

112 769 283 814 ratoris
309 785 461 824 anno,
496 771 542 813 in
567 767 823 814 Jerusalem
851 768 1097 814 transtulit
1115 767 1209 831 (1).

176 845 403 910 Lapidato
431 845 699 910 Stephano,
728 847 777 892 in
802 845 990 893 ecclesia
1018 864 1125 911 quae
1152 856 1252 894 erat
1272 845 1532 893 Jerusalem

111 939 276 986 magna
301 923 568 986 persecutio
592 921 711 969 sacta
738 934 832 979 est,
855 932 901 970 et
924 939 1113 979 omneS‚
1139 933 1316 987 praeter
1339 933 1532 987 aposto-

110 1000 203 1057 los,
231 1018 316 1064 per
336 1004 552 1065 regiones
579 1000 740 1048 Judeae
769 1012 815 1048 et
838 1000 1060 1047 Samariae
1088 1000 1283 1065 dispersi
1312 1011 1440 1047 sunt.
1476 1001 1531 1046 In

111 1079 205 1142 ipsa
253 1089 408 1126 tamen
444 1078 738 1143 dispersione
782 1078 966 1144 Spiritu
1005 1078 1180 1126 Sancto
1230 1077 1530 1126 corroborati

109 1157 313 1221 plurima
346 1158 446 1204 loca
476 1156 859 1221 pertransibant,
889 1168 936 1204 et
961 1157 1162 1205 verbum
1181 1158 1264 1204 Dei
1292 1156 1532 1221 evangeli-

109 1234 295 1281 zabant.
327 1236 465 1281 Tunc
481 1234 725 1299 Philippus
751 1235 798 1281 in
826 1235 1030 1281 Samaria
1045 1233 1287 1284 Christum
1303 1232 1530 1298 praedica·

109 1314 200 1370 vit,
228 1325 274 1361 et
306 1314 452 1360 multa
485 1315 645 1379 signa,
674 1314 944 1380 paralyticis
977 1324 1024 1361 et
1057 1312 1233 1360 claudis
1264 1330 1315 1358 ac
1345 1312 1531 1359 daemo-

109 1392 253 1437 niacis
300 1392 346 1437 in
398 1392 595 1439 nomine
635 1391 810 1438 Christi
852 1392 1024 1438 curatis
1043 1428 1057 1451 ,
1101 1388 1396 1437 auditoribus
1435 1390 1529 1436 suis

107 1468 331 1516 ostendit.
367 1470 649 1516 Samaritani
679 1470 970 1516 unanimiter
1000 1469 1070 1515 his
1108 1486 1217 1534 quae
1250 1486 1273 1514 a
1305 1466 1529 1531 Philippo

106 1547 386 1595 dicebantur
436 1547 777 1609 intendebant,
829 1558 876 1595 et
922 1566 1031 1594 cum
1078 1546 1319 1593 alacritate
1360 1563 1528 1610 magna

106 1625 246 1673 fidem
273 1644 433 1673 veram
465 1625 802 1691 suscipiebant.
833 1626 971 1672 Tunc
1010 1625 1175 1672 Simon
1208 1625 1372 1689 Magus
1411 1623 1527 1688 [qui

107 1703 426 1751 Samaritanos
445 1707 541 1769 jam
567 1704 684 1752 olim
709 1704 957 1751 seduxerat
975 1740 986 1760 ‚
1015 1702 1191 1769 diuque
1215 1702 1406 1767 magicis
1433 1702 1529 1748 suis

107 1798 185 1828 eos
208 1780 587 1838 dementaverat,
615 1781 740 1828 unde
762 1799 784 1827 a
804 1780 1012 1845 deceptis
1033 1798 1230 1844 magnus
1246 1777 1524 1844 putabatur,

106 1867 151 1904 et
170 1875 337 1922 magna
359 1858 442 1905 Dei
464 1859 614 1903 virtus
630 1858 919 1920 vocabatur]
939 1856 1163 1920 Philippo
1188 1854 1526 1920 evangelizanti

104 1936 162 1982 de
189 1953 337 2000 regno
364 1936 446 1981 Dei
475 1935 698 1992 credidit,
727 1945 774 1981 et
805 1953 915 1981 cum
939 1934 1039 1980 aliis
1059 1935 1172 1981 viris
1196 1945 1338 1998 atque
1361 1933 1528 1980 mulie-

106 2012 238 2059 ribus
265 2013 311 2058 in
341 2013 536 2059 nomine
556 2012 666 2058 Jesu
691 2011 868 2058 Christi
890 2011 1178 2076 baptizatus,
1206 2010 1427 2074 Philippo
1447 2010 1526 2056 ad-

106 2089 257 2138 haesit.
287 2090 426 2154 Signa
453 2090 581 2136 enim
607 2101 652 2136 et
679 2090 879 2136 virtutes
919 2091 1144 2135 maximas
1170 2088 1271 2135 fieri
1305 2087 1523 2145 videbat,

105 2176 153 2212 et
179 2166 288 2214 inde
317 2185 407 2231 pro
433 2167 635 2213 insolitis
657 2165 896 2213 admirans
924 2164 1143 2230 stupebat
1163 2166 1251 2229 (2).

170 2245 385 2309 Apostoli
406 2255 588 2302 autem,
611 2245 692 2310 qui
715 2255 849 2292 erant
874 2244 1184 2309 Jerosolymis
1201 2280 1214 2300 ‚
1245 2261 1355 2290 cum
1374 2243 1528 2290 audis-

106 2332 210 2368 sent
231 2322 341 2387 quia
365 2322 543 2386 recepit
575 2322 781 2368 Samaria
813 2320 1016 2369 verbum
1049 2321 1160 2378 Dei,
1193 2321 1430 2368 miserunt
1470 2318 1527 2366 ad

121 2545 126 2550 1
152 2497 201 2542 (1)
226 2497 341 2532 Νο116
373 2505 502 2533 auteur
530 2498 610 2532 s‘est
638 2501 782 2545 trompe
811 2511 873 2533 sur
896 2498 1063 2546 l’epoque
1089 2497 1140 2532 du
1169 2504 1328 2543 martyre
1357 2496 1402 2532 de
1432 2497 1525 2532 saint

108 2554 277 2599 Etienne,
297 2557 360 2604 qui
381 2564 444 2592 eut
461 2556 533 2592 11611
552 2558 703 2592 environ
718 2558 910 2592 neufmois
930 2556 1133 2592 seulement
1149 2557 1254 2604 apres
1271 2556 1303 2591 la
1321 2557 1463 2604 passion
1479 2555 1524 2591 dc

106 2614 370 2651 Jesus-Christ.
395 2617 466 2652 Sur
483 2617 694 2653 l'invention
719 2617 764 2653 de
790 2629 844 2653 ses
862 2617 1020 2665 reliques
1037 2630 1082 2653 en
1108 2616 1174 2660 415
1187 2646 1196 2662 ‚
1217 2630 1326 2664 voyez
1345 2617 1523 2653 ci-dessus

107 2672 166 2708 liv.
188 2687 219 2718 1,
239 2688 272 2722 p.
294 2688 368 2711 1¹22.

154 2736 203 2778 (α)
230 2737 314 2770 Act.
333 2744 451 2782 apost.
471 2751 552 2782 vni,
581 2738 676 2775 1-13.
698 2741 839 2783 (Annee
859 2737 901 2780 54
918 2737 963 2773 (16
978 2739 1260 2781 Jesus-Christ.)
