1738 3043
670 197 822 237 LIBER
853 198 1061 237 PRIMUS.
1526 204 1575 239 7¹)

155 283 304 346 legem
348 281 576 328 habemus
629 290 671 324 et
720 278 983 325 seeundum
1034 279 1187 342 legem
1230 278 1366 324 debet
1413 282 1536 325 mori
1558 320 1570 337 ‚

152 361 269 425 qnia
300 359 468 426 filium
510 357 607 404 Dei
647 374 697 403 se
725 354 871 421 jecit.
923 356 1043 402 Cum
1086 375 1199 421 crgo
1242 357 1444 405 audisset
1492 359 1575 404 Pi-

152 437 274 484 latus
303 437 430 484 hunc
452 452 749 492 sermonem,
772 435 917 499 magis
942 435 1121 481 timuit.
1152 436 1215 481 Et
1245 436 1479 501 ingressus
1503 450 1574 484 est

151 514 434 579 praetorium
472 513 642 560 iterum
679 523 726 558 et
761 510 882 557 dixit
905 511 961 558 ad
987 511 1148 559 Jesum
1183 531 1192 556 :
1233 513 1372 560 {frede
1403 532 1451 561 es
1486 515 1573 561 tu?

148 594 280 640 Jesus
313 602 470 639 autem
500 607 782 655 responsum
814 607 913 638 non
943 590 1073 637 dedit
1106 591 1190 637 illi.
1227 591 1354 638 Dicit
1385 611 1497 657 ergo
1530 596 1570 640 ci

150 671 326 717 Pilatus
362 688 372 713 :
409 669 539 716 Jllilzi
564 686 660 716 non
683 668 926 733 loqueris?
952 669 1124 715 lv‘escis
1150 672 1264 734 quia
1283 682 1570 736 potestatem

148 746 298 793 liabeo
317 746 596 811 crucifigere
612 756 671 804 te,
694 757 738 792 et
751 757 1040 811 potestatem
1059 745 1213 793 liabeo
1233 747 1472 793 dimittere
1491 760 1531 795 te
1544 749 1570 794 Ῑ)

147 823 412 889 Respondit
441 826 572 870 Jesus
596 844 606 870 ε
630 824 748 871 Non
779 824 977 872 haberes
1004 836 1287 890 potestatem
1317 826 1567 873 adversum

145 921 220 950 me
252 903 429 960 ullam,
464 904 563 949 nisi
594 902 680 949 tibi
701 914 821 949 esset
853 903 1019 949 datam
1051 903 1274 969 desuper.
1306 906 1570 971 Propterea

145 983 231 1046 qni
252 999 326 1028 me
349 981 553 1028 tradidit
584 981 698 1039 tibi,
726 982 888 1046 majus
911 994 1172 1048 peecatum
1197 982 1355 1029 habet.
1387 984 1568 1030 Exinde

143 1058 390 1124 quaerebat
419 1059 595 1106 Pilatus
625 1059 867 1106 dimittere
893 1078 1019 1107 eum.
1046 1059 1197 1107 Judaei
1223 1071 1380 1107 autem
1402 1062 1569 1109 elama-

144 1134 262 1182 bant
278 1172 291 1193 ,
331 1136 540 1183 dicentes
578 1156 587 1181 ε
628 1136 686 1181 Si
717 1135 844 1183 hune
877 1137 1110 1194 dimittis,
1151 1155 1247 1184 non
1289 1155 1337 1183 es
1381 1140 1567 1186 amicus

149 1215 379 1269 Coesaris,·
411 1215 562 1260 omnis
592 1215 719 1259 enim
744 1215 829 1278 qui
858 1232 909 1261 se
938 1232 1097 1279 regem
1114 1216 1255 1278 fiieit
1277 1217 1568 1265 contradicit

148 1292 353 1339 Ccesari.

206 1369 385 1418 XVIII.
411 1370 585 1417 Pilatus
607 1387 720 1436 ergo
739 1388 847 1417 cum
868 1369 1071 1418 audisset
1096 1370 1182 1419 hos
1196 1390 1438 1421 sermones
1447 1410 1461 1432 ,
1482 1375 1566 1422 ad-

140 1448 278 1495 duxit
295 1448 422 1495 foras
437 1450 597 1496 Jesum
612 1485 625 1505 ,
647 1458 694 1495 et
717 1447 837 1495 sedit
858 1465 948 1512 pro
974 1447 1202 1496 tribunali
1227 1450 1275 1496 in
1297 1449 1456 1498 locum
1481 1453 1562 1518 qui

139 1526 316 1573 dicitur
342 1526 690 1583 Lithostrotos‚
720 1525 937 1573 hebraice
960 1538 1119 1574 autem
1144 1526 1409 1576 Gabhatha.
1444 1530 1564 1577 Erat

139 1614 297 1651 autem
319 1623 566 1669 parasceve
584 1604 773 1652 Paschae
794 1604 910 1652 hora
936 1606 1066 1670 quasi
1092 1616 1232 1653 sexta.
1260 1608 1324 1654 Et
1347 1607 1463 1655 dicit
1481 1610 1506 1655 J
1513 1627 1562 1655 u-

139 1680 252 1728 daeis
273 1703 283 1728 ε
304 1684 438 1730 Eece
460 1702 551 1730 rex
572 1695 744 1730 vester.
777 1682 848 1729 Illi
879 1674 1039 1730 autem
1065 1683 1335 1732 clamabant
1355 1706 1366 1732 :
1394 1687 1559 1746 Tolle,

140 1761 281 1818 tolle,
318 1762 547 1827 crucifige
583 1781 709 1810 eum.
749 1762 876 1808 Dicit
905 1763 970 1809 eis
1003 1762 1181 1810 Pilatus
1209 1784 1219 1809 :
1253 1765 1436 1830 Regem
1459 1784 1563 1812 ‘ves-

141 1849 264 1884 trum
286 1839 604 1904 crucifigam?
627 1840 997 1904 Responderunt
1022 1840 1271 1904 pontifices
1295 1862 1305 1888 :
1328 1843 1443 1889 Non
1473 1844 1564 1891 Ιια-

142 1913 304 1962 bemus
331 1933 514 1980 regem,
543 1919 640 1963 nisi
673 1918 934 1965 Caesarem.
967 1919 1106 1964 Tunc
1131 1935 1245 1982 ergo
1272 1918 1465 1965 tradidit
1498 1921 1563 1967 eis

141 1992 275 2038 illum
291 2029 304 2050 ,
331 2004 385 2040 ut
409 1994 768 2059 crucifigeretur
784 1996 872 2058 (z).
894 1997 1005 2042 Haec
1025 1997 1236 2042 narravit
1252 1998 1459 2045 Joannes
1477 2017 1563 2063 per

138 2070 345 2118 Pilatum
371 2083 494 2137 gesta
508 2109 522 2130 ‚
550 2091 658 2138 quae
678 2073 930 2120 Matthaeus
952 2085 998 2121 et
1024 2079 1210 2122 Marcus
1228 2076 1339 2141 quia
1356 2088 1562 2141 praeter—

141 2149 295 2195 ierant
327 2149 652 2197 recoluerunt.
687 2151 762 2197 Sic
795 2152 925 2198 enim
957 2152 1208 2199 Matthaeus
1232 2152 1350 2200 dicit
1379 2175 1389 2200 ε
1419 2154 1561 2202 Tunc

138 2225 313 2273 milites
335 2228 549 2291 praesidis
568 2229 876 2293 suscipientes
898 2230 1060 2276 Jesum
1086 2230 1133 2276 in
1159 2232 1415 2294 praetorio,
1440 2249 1563 2278 con—

137 2316 456 2369 gregaverunt
473 2307 530 2353 ad
554 2325 663 2355 eum
687 2308 957 2355 universam
978 2307 1250 2367 cohortem3
1273 2321 1320 2357 et
1337 2321 1562 2358 exuentes

140 2401 274 2441 eum,
310 2384 608 2451 chlamydem
641 2387 911 2434 coccineam
943 2387 1364 2436 circumdederunt
1399 2391 1459 2436 ei.
1499 2392 1561 2437 Et

141 2460 399 2525 plectentes
426 2481 651 2511 coronam
675 2464 732 2513 de
752 2466 927 2530 spini5‚
956 2477 1223 2530 posuerunt
1248 2484 1392 2531 super
1419 2479 1562 2532 caput

188 2658 397 2702 (1)Matth.
435 2671 558 2699 xxvii,
598 2660 732 2702 11-265,
767 2661 864 2695 Marc
911 2673 979 2703 xv,
1020 2660 1129 2703 1-15,
1159 2663 1231 2696 Luc
1284 2675 1382 2696 xxiii
1404 2691 1411 2702 ,
1456 2661 1561 2696 ι-“)5;

141 2718 269 2752 Joann.
291 2731 405 2762 xviii,
429 2719 552 2761 28-40.
