1738 3043
563 235 718 275 LIBER
745 234 1028 275 SECUNDUS.
1432 240 1511 277 225

80 337 216 376 canS,
252 317 522 365 ministerio
546 315 902 382 praedicationis
933 317 1125 364 institit.
1152 316 1436 383 Disputabat
1461 319 1509 366 in

81 413 316 462 synagoga
341 413 427 461 per
446 412 591 443 omne
618 393 888 441 sabbatum.
920 395 1036 441 Illuc
1060 394 1118 442 de
1139 396 1414 444 Macedonia
1441 397 1513 443 Si-

83 475 148 522 las
165 485 212 522 et
231 473 515 521 Timotheus
533 483 770 520 venerunt
783 509 797 530 ,
822 483 870 520 et
887 472 1177 537 praedicante
1197 475 1370 533 Paulo,
1392 475 1516 522 Cris-

82 553 224 619 pinus
249 552 650 619 archisynagogus
676 569 787 598 cum
811 553 947 599 omni
973 551 1120 600 domo
1144 571 1223 600 sua
1239 590 1252 611 ‚
1279 555 1516 620 multique

83 631 451 678 Corinthiorum
476 629 721 677 credentes
745 628 972 694 baptizati
997 639 1127 676 sunt.
1158 631 1328 678 Paulus
1355 633 1403 679 in
1430 632 1520 680 do-

82 725 218 754 mum
243 707 486 773 cujusdam
506 707 620 772 justi
654 707 855 755 nomine
886 707 984 754 Titi
1019 706 1122 772 (1),
1151 726 1259 773 quae
1294 711 1520 775 contigua

83 795 185 834 erat
207 803 459 851 synagogae
476 821 490 843 ‚
522 785 776 843 introivit,
809 785 1006 851 Deoque
1028 784 1232 850 jubente
1261 806 1347 852 per
1374 789 1521 836 visio-

82 881 194 911 nem
235 863 418 921 noctis,
460 880 644 910 annum
681 874 730 911 et
766 881 952 911 menses
991 882 1073 911 sex
1112 866 1314 926 mansit,
1362 865 1525 932 ibique

83 943 317 989 instanter
345 942 549 989 verbum
572 943 657 990 Dei
688 941 872 990 docuit.
902 941 973 988 lbi
1002 941 1174 1008 Aquila
1194 943 1387 991 Judaeus
1406 983 1417 1005 ‚
1440 962 1525 1010 ge-

82 1037 196 1069 nere
216 1020 445 1067 Ponticus
460 1056 473 1078 ,
498 1038 608 1067 cum
628 1020 842 1068 Priscilla
864 1038 1014 1068 uxore
1037 1040 1117 1069 sua
1136 1021 1361 1070 manebat
1377 1043 1390 1080 ;
1414 1040 1526 1070 cum

82 1098 258 1164 quibus
279 1098 478 1156 Paulus,
502 1099 612 1164 quia
638 1099 1002 1147 scenofactoriae
1022 1100 1136 1146 artis
1156 1111 1280 1157 erat,
1303 1100 1527 1166 operaba-

82 1187 180 1234 tur,
201 1187 248 1224 et
268 1177 449 1223 rictum
473 1177 681 1241 propriis
701 1176 923 1224 manibus
942 1177 1252 1242 procurabat.
1276 1179 1393 1227 Inde
1413 1181 1526 1227 Pau-

80 1255 154 1303 lus
174 1255 437 1303 x-aledicens
456 1254 686 1302 fratribus
701 1292 714 1313 ‚
737 1256 927 1321 Syriam
954 1257 1193 1321 navigavit
1213 1268 1260 1305 et
1279 1258 1525 1322 Ephesum

79 1335 286 1383 devenit.
301 1334 415 1382 Inde
427 1333 672 1382 descendit
683 1334 960 1389 Caesaream,
973 1352 1025 1382 ac
1036 1335 1348 1400 postmodum
1359 1337 1525 1401 migra-

80 1414 148 1460 vit
165 1413 491 1461 Antiochiam.
510 1415 655 1461 Facto
673 1413 737 1460 ibi
752 1413 1000 1479 aliquanto
1023 1425 1258 1480 tempore,
1278 1416 1524 1480 profectus

80 1502 150 1540 est
166 1529 179 1549 ,
204 1503 252 1539 et
270 1510 326 1540 ex
344 1492 514 1540 ordine
531 1491 793 1539 Galaticam
812 1493 1059 1557 regionem
1080 1503 1128 1540 et
1144 1493 1403 1558 Phrygiam
1418 1511 1521 1558 per-

79 1571 370 1629 ambulavit,
394 1588 658 1637 omnesque
680 1571 940 1635 discipulos
966 1572 1274 1619 confirmavit
1293 1572 1384 1636 (2)

144 1652 205 1698 ΙΙ.
233 1652 337 1698 Huc
361 1668 511 1717 usque
535 1649 654 1697 mihi
678 1650 736 1697 de
757 1651 1003 1715 primitiva
1027 1651 1219 1698 ecclesia
1240 1653 1518 1699 summatim

80 1730 317 1794 excerpsi,
345 1728 403 1777 de
431 1728 502 1776 his
532 1728 753 1777 videlicet
779 1747 886 1794 quae
919 1731 1068 1777 Lucas
1092 1731 1141 1777 in
1165 1729 1366 1777 Actibus
1389 1731 1517 1796 Apo-

78 1808 318 1856 stolorum
337 1806 484 1856 edidit
501 1843 515 1865 ,
537 1825 687 1872 usque
705 1807 762 1854 ad
786 1809 1115 1856 narrationem
1135 1809 1383 1873 quomodo
1399 1810 1518 1855 Pau-

78 1884 150 1932 lus
185 1884 358 1950 Ephesi
398 1885 661 1949 baptizatos
698 1884 980 1949 baptismate
1011 1886 1210 1932 Joannis
1243 1886 1290 1932 in
1320 1888 1518 1934 nomine

0 1959 11 2003 fi
62 1963 279 2025 vDomini
319 1963 429 2010 Jesu
463 1962 801 2027 baptizaverit,
846 1961 1007 2028 ibique
1048 1982 1157 2010 cum
1191 1964 1393 2021 eisdem,
1433 1967 1514 2030 qui

10 2034 14 2085 ἶ
76 2043 262 2108 Spiritu
288 2042 465 2089 Sancto
490 2041 658 2105 repleti
691 2040 1015 2106 loquebantur
1041 2041 1215 2106 linguis
1243 2053 1290 2089 ct
1309 2042 1514 2108 prophe-

12 2136 15 2151 *
76 2120 268 2178 tabant,
291 2121 636 2186 permanserit,
664 2131 807 2186 atque
837 2138 922 2185 per
949 2132 1042 2166 tres
1067 2139 1252 2168 menses
1277 2121 1334 2168 de
1363 2141 1513 2187 regno

75 2198 159 2249 Dei
194 2201 440 2266 disputans
471 2200 636 2246 multis
670 2199 963 2264 profecerit;
1000 2210 1047 2247 et
1088 2200 1197 2247 inde
1237 2199 1508 2257 discedens,

77 2295 221 2342 quam
244 2279 440 2327 fortiter
472 2279 520 2325 in
553 2279 666 2326 Asia
694 2297 781 2343 per
805 2278 1059 2325 biennium
1088 2279 1273 2325 cunctis
1306 2297 1513 2345 evange-

78 2356 308 2419 lizaverit,
325 2369 372 2406 ct
388 2358 590 2405 virtutes
606 2357 838 2423 plurimas
852 2376 995 2422 super
1008 2357 1256 2423 languidos
1267 2376 1319 2405 ac
1334 2357 1512 2406 daemo-

76 2436 234 2484 niacos
257 2437 305 2483 in
326 2436 526 2484 nomine
544 2437 653 2483 Jesu
677 2435 850 2482 Christi
878 2435 1046 2484 fecerit
1065 2437 1159 2501 (3).
1181 2437 1371 2485 Amodo
1391 2437 1511 2486 libet

127 2649 175 2692 (¹)
201 2650 299 2685 Lisez
317 2666 323 2684 z
346 2650 541 2699 cujusdam
563 2652 708 2685 'totusue
734 2650 810 2683 Titi
825 2649 934 2683 Iusti.

131 2701 182 2745 (Ἰ)
208 2711 291 2745 Act.
315 2718 435 2758 apost.
465 2723 534 2745 xvii
551 2739 559 2755 ‚
581 2709 759 2755 34-xv1n,
782 2708 838 2745 25.
871 2709 929 2755 (5¹2
953 2709 1026 2755 55.)
1047 2732 1085 2736 -
1110 2709 1160 2756 (3)
1188 2711 1284 2746 Ibi'd.
1309 2723 1380 2753 xix,
1418 2723 1512 2744 ι-ιυ.

87 2758 244 2809 (SA-57.)

190 2840 219 2867 ¹·
1268 2833 1320 2877 15
