1738 3043
587 181 741 221 LIBER
769 180 1050 221 SECUNDUS.
1459 186 1536 223 3611

109 273 157 311 et
188 264 554 327 possessionum.
584 262 800 326 Cumque
833 263 902 308 vir
929 264 1009 309 Dei
1043 279 1203 327 preces
1228 264 1326 327 ejus
1351 262 1537 311 audiret

109 353 156 389 et
178 342 318 389 fidem
339 345 436 405 ejus
455 351 752 405 agnosceret,
781 358 976 386 manum
1001 341 1124 386 illius
1151 342 1330 398 tenuit,
1359 341 1535 406 ipsum-

108 438 201 485 que
219 418 340 466 facta
360 420 578 467 oratione
597 419 794 465 sanavit.
818 420 1017 465 Sanatus
1036 431 1194 465 aulem
1216 421 1369 466 Deum
1388 420 1537 485 glori—

110 497 293 554 ficavit,
323 508 369 543 et
401 496 539 545 beato
570 497 676 542 viro
705 513 901 543 munera
927 495 1129 553 obtulit,
1156 515 1264 562 quze
1291 499 1387 562 ipse
1418 499 1538 545 acci·

106 592 220 639 pere
241 575 424 631 noluit,
452 574 529 621 sed
553 574 713 622 omnia
738 573 836 619 dari
864 573 1150 638 pauperibus
1172 577 1418 640 praecepit.

172 654 299 700 Dum
326 653 387 700 ibi
411 663 792 701 commoraretur
814 663 1003 698 sanctus
1026 653 1284 711 Martialis,
1318 657 1538 719 apparuit

107 732 147 779 ei
173 733 409 779 Dominus
442 732 487 777 in
512 732 644 789 visu,
673 741 719 778 et
747 730 868 777 dixit
898 752 906 776 ε
939 731 1017 778 Ne
1047 735 1214 779 timeas
1248 733 1539 780 descendere

106 811 179 857 acl
200 811 360 858 urbem
383 812 711 868 lemovicam,
742 811 860 876 quia
880 809 950 857 ibi
967 822 1011 858 te
1024 811 1340 876 glorgsseabo,
1364 825 1407 859 et
1423 832 1538 860 sem-

97 904 194 953 per
212 899 365 934 tecum
390 906 486 935 ero.
511 889 650 934 Tunc
671 887 834 934 beatus
859 886 1078 952 pontifex
1106 887 1211 935 illos
1238 907 1358 954 quos
1383 889 1536 954 bapti-

105 975 289 1012 zaverat
302 965 622 1021 confortarit,
640 965 947 1030 Dominoque
966 965 1341 1023 commendavit,
1364 977 1411 1013 et
1425 984 1536 1015 cum

104 1041 345 1106 discipulis
384 1043 477 1089 suis
515 1042 572 1089 ad
611 1042 780 1090 urbem
822 1043 1050 1106 perrexit.
1090 1044 1143 1089 In
1178 1044 1324 1091 domo
1358 1044 1535 1091 nobilis

104 1130 341 1166 matronae
360 1121 558 1168 nomine
578 1120 805 1167 Susannae
827 1119 1051 1184 hospitati
1071 1130 1208 1177 sunt,
1229 1132 1277 1168 et
1298 1121 1349 1168 in
1368 1123 1534 1168 crasti-

104 1212 223 1243 num
247 1196 438 1261 publice
463 1197 726 1244 Dominum
752 1196 1012 1261 praedicare
1039 1207 1312 1262 coeperunt.

170 1276 223 1322 ln
263 1275 473 1340 hospitio
509 1276 597 1322 viri
644 1276 733 1323 Dei
775 1276 970 1341 quidam
1009 1277 1316 1342 phreneticus
1357 1280 1534 1326 catenis

104 1353 392 1401 constrictus
427 1364 554 1412 erat,
591 1371 736 1420 quem
774 1354 956 1401 solvere
994 1372 1138 1402 nemo
1177 1354 1398 1403 audebat.
1440 1357 1534 1404 Pro

102 1448 202 1497 quo
240 1432 451 1479 Susanna
497 1433 681 1497 rogavit
718 1432 996 1497 episcopum
1042 1442 1098 1478 ut
1142 1434 1297 1498 ipsum
1340 1451 1534 1499 quoque

104 1510 227 1556 sicut
244 1511 359 1558 alios
384 1522 568 1558 sanaret
594 1510 860 1557 infirmum.
890 1510 973 1557 Ille
995 1527 1108 1557 vero
1132 1510 1419 1575 supplicanti
1445 1530 1533 1557 an—

102 1587 236 1646 nuit,
259 1598 307 1635 et
323 1589 513 1654 signum
533 1588 686 1635 crucis
705 1606 846 1653 super
865 1605 1048 1653 aegrum
1072 1587 1211 1644 fecit;
1235 1606 1348 1635 mox
1370 1600 1532 1636 catena

105 1666 349 1714 confracta
373 1678 442 1714 est
473 1679 520 1714 et
543 1666 691 1714 homo
717 1684 856 1713 sanus
879 1666 1031 1712 sactus
1057 1677 1144 1713 est.
1168 1665 1355 1714 Nobilis
1377 1667 1534 1732 itaque

103 1753 257 1790 mater
280 1754 328 1791 et
351 1744 446 1791 filia
480 1747 577 1809 ejus
609 1743 796 1793 Valeria
830 1742 921 1790 hoc
953 1744 1143 1807 signum
1166 1742 1411 1801 videntes,
1440 1762 1536 1791 cre-

104 1819 359 1879 diderunt,
385 1833 433 1869 et
455 1841 478 1868 a
503 1820 644 1869 beato
671 1821 870 1886 praesule
891 1838 999 1866 cum
1020 1820 1251 1867 sexcentis
1275 1820 1332 1867 de
1356 1820 1533 1868 familia

105 1915 186 1945 sua
211 1897 460 1964 baptizatae
487 1909 616 1946 sunt.

170 1978 354 2025 Sanctis
380 1978 426 2024 in
454 1977 641 2025 theatro
664 1976 1062 2042 praedicantibus,
1088 1976 1352 2024 sacerdotes
1380 1977 1534 2025 idolo-
1591 1979 1599 1988 '

105 2073 215 2102 rum
244 2055 475 2121 indignati
503 2065 639 2113 sunt,
673 2072 847 2120 eosque
879 2054 1074 2119 flagellis
1100 2055 1307 2119 graviter
1332 2055 1536 2101 caeeide-

105 2144 224 2182 runt
248 2145 294 2181 et
328 2135 377 2181 in
403 2149 641 2181 carcerem
664 2132 916 2179 miserunt.
945 2133 1144 2178 Sanctus
1166 2150 1282 2179 vero
1304 2133 1535 2178 Martialis

106 2230 218 2260 cum
244 2213 381 2262 sociis
413 2213 507 2259 suis
544 2212 669 2258 illata
696 2210 784 2258 sibi
819 2211 1057 2276 patienter
1085 2211 1311 2274 pertulit,
1341 2212 1536 2276 Deoque

105 2293 277 2357 gratias
301 2292 413 2357 egit.
443 2292 577 2338 Circa
602 2290 770 2339 horam
800 2289 1041 2355 sequentis
1064 2288 1157 2336 diei
1189 2289 1376 2337 tertiam
1401 2290 1534 2336 Mar—

107 2370 232 2417 tialis
265 2370 442 2426 oravit,
483 2380 530 2415 et
565 2369 800 2416 continuo
826 2368 905 2414 lux
938 2385 1107 2433 magna
1143 2367 1275 2415 velut
1308 2366 1536 2431 splendor

109 2448 222 2496 solis
248 2449 296 2495 in
323 2464 508 2494 carcere
531 2446 735 2494 refulsit.
758 2446 1060 2494 Cunctorum
1079 2456 1257 2493 catenae
1277 2445 1534 2493 confracta?

110 2537 223 2573 sunt
248 2537 294 2574 et
322 2526 442 2573 ostia
468 2534 626 2589 aperta
655 2533 793 2581 sunt3
817 2533 863 2570 et
881 2540 1049 2570 omnes
1072 2525 1153 2588 qui
1180 2523 1399 2579 aderant,
1426 2521 1536 2586 bap-

112 2606 245 2652 tizari
262 2615 568 2672 rogaverunt.
591 2604 754 2650 Terra}
772 2612 930 2650 motus
946 2602 1087 2649 etiam
1108 2603 1155 2649 in
1178 2603 1366 2649 civitate
1386 2600 1536 2646 factus

114 2691 211 2739 est,
236 2681 425 2748 fulgura
451 2693 497 2731 et
522 2682 733 2729 tonitrua
759 2690 1053 2739 sonuerunt,
1083 2679 1259 2727 ethnici
1282 2679 1339 2725 ad
1366 2677 1536 2742 templa
