1738 3043
174 215 251 252 372
537 211 779 250 HISTORIA
810 211 1210 251 ECCLESIASTICA.

174 292 362 358 roganti
401 290 646 355 quomodo
681 290 900 355 magister
932 307 1098 338 eorum
1133 300 1407 348 vocaretur,
1445 290 1582 340 dixe-

174 380 291 415 runt
321 388 330 413 z
368 367 650 414 Ridoaldus
663 404 680 425 ,
718 369 835 432 quia
867 369 1029 414 rixam
1055 385 1242 433 semper
1267 368 1507 415 desiderat
1539 378 1585 416 et

174 463 281 493 cum
319 446 393 491 ira
427 456 472 491 et
507 445 843 509 indignatione
866 457 1135 511 permanet.
1171 446 1384 511 Denique
1412 445 1585 511 depre-

174 522 390 570 cantibus
424 522 514 569 illis
545 541 604 570 ne
632 523 782 571 latino
810 541 1028 571 sermone
1051 541 1159 570 cum
1182 524 1246 572 eis
1270 523 1394 570 ultra
1420 523 1584 589 loque-

175 613 327 659 retur,
350 619 438 649 nec
463 601 566 649 illos
588 602 635 648 in
660 601 880 667 abyssum
898 602 971 648 vel
994 603 1042 648 in
1062 619 1190 649 mare
1212 602 1450 649 Oceanum
1472 601 1586 648 mit-

175 689 319 736 teret,
348 676 565 725 hebraice
586 679 815 742 praecepit
843 688 896 723 ut
920 679 968 724 in
992 678 1231 726 desertum
1251 678 1410 725 locum
1432 678 1585 736 irent,

174 773 262 803 nec
293 755 438 801 ullam
471 771 618 819 usque
645 754 692 800 in
718 754 843 801 diem
860 755 1025 818 judicii
1051 766 1311 802 creaturam
1339 753 1583 802 laederent.

173 835 426 881 Daemoues
459 832 619 877 statim
650 849 735 895 per
767 832 906 878 inane
933 832 1146 879 volantes
1178 847 1423 897 nunquam
1451 848 1588 879 com-

173 919 453 975 paruerunt.
493 909 598 954 Dux
633 919 792 955 autem
825 919 872 955 et
901 927 1045 956 omne
1068 910 1259 975 vulgus,
1297 920 1589 975 cunctusque

174 988 408 1036 exercitus
452 1004 508 1033 ex
552 986 746 1032 diversis
781 986 1041 1049 provinciis
1081 986 1310 1034 adunatus
1349 997 1490 1052 atque
1531 987 1588 1033 ad

175 1066 266 1113 hoc
285 1064 604 1130 spectaculum
624 1073 958 1128 congregatus,
979 1066 1285 1128 projecerunt
1306 1081 1353 1112 se
1375 1063 1433 1111 ad
1453 1063 1591 1128 pedes

178 1143 325 1190 sancti
360 1142 608 1199 antistitis,
647 1158 737 1206 pro
765 1142 1123 1190 resuscitatione
1154 1142 1335 1189 mortui
1372 1152 1593 1206 rogantes

176 1241 287 1270 cum
311 1221 550 1287 lacrymis,
576 1221 678 1284 Ipse
695 1236 809 1267 vero
825 1257 835 1275 ‚
863 1229 936 1266 tot
958 1218 1147 1267 fletibus
1171 1229 1438 1267 commotus
1447 1254 1462 1277 ,
1488 1236 1592 1267 om-

177 1318 259 1348 nes
283 1300 462 1364 pariter
485 1298 744 1345 Dominum
770 1296 1010 1361 deprecari
1042 1297 1300 1362 praecepit,
1334 1305 1594 1361 tenensque

176 1395 373 1425 manum
395 1376 637 1434 defuncti,
663 1375 784 1422 dixit
812 1395 822 1421 :
853 1374 1160 1433 Hildeberte‚
1195 1376 1246 1421 in
1273 1375 1464 1422 nomine
1485 1374 1595 1421 Do-

180 1457 302 1503 mini
318 1456 472 1501 nostri
486 1453 525 1500 J
525 1471 608 1499 esu
631 1453 810 1499 Christi
817 1491 833 1511 ,
854 1470 1012 1517 surge.
1034 1452 1127 1512 Qui
1147 1452 1305 1498 statim
1326 1452 1533 1499 surrexit
1547 1462 1595 1499 et

181 1549 297 1579 xxm
331 1531 466 1578 annis
501 1540 661 1594 postea
691 1529 907 1594 religiose
938 1530 1074 1575 vixit.
1107 1530 1302 1576 Cunctis
1334 1529 1595 1576 Dominum

181 1607 586 1676 glorificantibus,
616 1607 696 1672 qui
735 1617 829 1653 tam
867 1607 1129 1672 gloriosum
1159 1607 1440 1654 miraculum
1467 1607 1596 1655 vide-

180 1699 315 1744 rant,
336 1697 522 1734 sanctus
544 1685 773 1732 Martialis
790 1683 1121 1732 Hildebertum
1137 1686 1348 1743 vocavit,
1373 1695 1420 1733 et
1437 1684 1496 1732 ab
1518 1701 1593 1743 eo,

181 1765 238 1813 dc
262 1764 333 1811 his
358 1781 466 1829 quae
482 1765 581 1826 jam
599 1761 825 1809 exanimis
844 1761 1047 1819 viderat,
1071 1778 1160 1825 pro
1178 1761 1490 1809 aedificatione
1508 1779 1597 1808 au-

183 1841 417 1889 dientium
440 1839 703 1904 inquisivit.
721 1837 1005 1895 Cunctante,
1027 1837 1162 1902 plura
1179 1838 1256 1886 ille
1275 1838 1484 1885 narravit
1500 1838 1594 1902 (1).

254 1918 658 1981 Cumfiztigatus,
682 1916 867 1982 inquit,
889 1915 1064 1962 ardore
1085 1915 1230 1974 solis,
1257 1934 1290 1962 a
1308 1915 1484 1962 sudore
1501 1932 1600 1962 eor-

175 2017 273 2066 pus
309 2014 466 2043 meum
499 1995 767 2053 abluerem,
807 1995 1033 2042 continuo
1069 1993 1308 2041 daemones
1334 1995 1385 2041 in
1396 1993 1601 2056 foveam

178 2075 546 2141 praecipitantes
577 2089 651 2118 me
683 2071 1050 2135 siffleaverunt.
1084 2070 1298 2135 Cumque
1328 2070 1481 2135 igneis
1510 2087 1599 2117 ea-

187 2154 305 2199 tenis
330 2169 405 2198 me
428 2150 752 2214 constringere
767 2148 1057 2205 voluissent,
1079 2149 1298 2213 protinus
1320 2159 1486 2195 astans
1506 2164 1601 2194 an—

184 2229 323 2294 gelus
346 2228 550 2275 Domini
566 2226 628 2274 de
648 2226 870 2273 manibus
890 2243 1054 2273 eorum
1077 2226 1316 2273 abstraxit
1333 2243 1424 2272 me.
1451 2224 1603 2271 Cum-

190 2323 281 2370 que
321 2304 391 2350 acl
428 2304 656 2349 orientem
695 2319 899 2367 pergere
948 2303 1281 2367 eoepissemus,
1326 2301 1425 2348 duo
1464 2300 1605 2348 cunei

192 2383 469 2428 dcemonum
500 2390 667 2427 contra
697 2397 782 2426 nos
810 2379 1090 2438 veniebant,
1119 2391 1163 2427 et
1198 2381 1367 2445 igneas
1398 2378 1602 2442 sagittas

238 2591 288 2634 (ι)
313 2588 417 2624 Cette
440 2587 570 2633 phrase
596 2594 702 2633 ayant
729 2589 784 2622 etc·
804 2588 945 2634 ajoutee
968 2601 1013 2623 en
1042 2600 1183 2635 marge‚
1205 2598 1275 2621 une
1294 2585 1408 2633 partie
1433 2597 1477 2619 en
1503 2597 1522 2619 a
1546 2585 1605 2619 ete

193 2649 338 2684 enlevec
356 2647 538 2694 lorsqu'on
557 2659 576 2680 a
590 2648 703 2693 rogne
718 2647 749 2681 le
764 2647 906 2684 volume
925 2660 1017 2694 pour
1033 2647 1066 2683 le
1080 2647 1197 2683 relier.
1214 2645 1313 2680 Nous
1327 2655 1480 2691 pensons
1493 2643 1604 2691 qu’on

195 2710 271 2744 doit
291 2708 358 2744 lire
377 2724 383 2742 :
411 2708 486 2752 Quo
504 2713 777 2752 percunctante.
