1738 3043
232 237 282 274 36
592 230 831 269 HISTORIA
861 230 1258 269 ECCLESIASTICA.

234 323 306 358 tus
340 311 431 374 (1).
458 309 579 355 Cum
601 307 836 355 audissent
866 326 1102 355 sermones
1126 311 1221 372 ejus
1237 344 1248 363 ,
1285 307 1475 373 qnidam
1499 309 1630 356 dice-

229 386 345 433 liant
370 408 378 431 ε
410 387 507 432 llic
535 395 602 431 est
627 402 736 430 vere
757 384 1010 449 propheta.
1039 384 1130 429 Alii
1157 383 1373 430 dicebant
1404 405 1414 430 :
1441 385 1540 431 Hic
1563 396 1629 432 es!

231 465 463 512 Christus.
493 461 694 521 Quidam
717 471 873 508 autem
899 460 1118 508 dicebant
1146 482 1155 505 :
1182 461 1440 524 Numquid
1465 477 1495 507 a
1532 461 1631 506 Ga-

224 542 354 588 liloea
384 540 599 586 Christus
622 539 810 603 surgit?
826 539 998 585 Nonne
1021 538 1271 603 Scriptura
1295 539 1413 584 (licit
1436 539 1551 602 quia
1569 555 1631 583 ex

221 624 396 666 semine
421 619 604 675 David,
636 629 680 663 et
706 618 766 663 de
789 617 1028 663 Bethleem
1057 616 1272 671 castello,
1303 617 1385 662 ubi
1406 627 1507 662 erat
1529 617 1632 662 Da-

221 696 323 754 vid,
351 697 480 743 venit
503 695 717 740 Christus
731 693 756 740 P
778 695 1013 741 Dissensio
1037 695 1193 757 itaque
1211 695 1258 739 in
1279 694 1415 742 turba
1432 704 1631 759 propter

219 792 329 821 eum
352 773 471 819 facta
503 781 588 818 est.
616 771 823 817 Ministri
849 787 984 826 vero,
1014 771 1094 835 qui
1120 771 1245 816 missi
1275 790 1298 816 a
1322 770 1631 835 pontificibus

219 860 266 896 et
304 849 575 913 pharisaeiS,
612 857 665 894 ut
699 848 857 893 Jesum
889 845 1372 910 comprehenderent,
1409 847 1629 904 fuerant,

221 927 391 973 auditis
431 923 727 972 sermonibus
768 926 864 986 ejus
888 959 900 979 ‚
941 922 1078 970 obliti
1118 933 1228 968 sunt
1270 934 1466 988 propter
1505 923 1635 989 quod

224 1013 468 1051 venerant.
498 1002 758 1049 Redierunt
784 1019 896 1065 ergo
932 1001 1163 1047 immunes
1198 1019 1221 1046 a
1242 1002 1468 1058 crimine,
1506 1001 1632 1066 pleni

224 1081 554 1127 admiratione.
584 1078 840 1124 Atrocibus
865 1078 1097 1142 magistris
1128 1078 1490 1125 discutientibus
1517 1096 1636 1143 pro—

231 1169 359 1204 terve
390 1175 476 1202 cur
499 1173 665 1204 eorum
699 1156 891 1202 clientes
916 1155 1133 1200 vinctum
1166 1154 1252 1200 sibi
1285 1173 1384 1202 non
1416 1155 1638 1202 adduxis—

230 1246 335 1281 sent
358 1234 604 1281 doctorcm
632 1235 743 1279 vitae
763 1268 775 1291 ‚
804 1232 871 1277 illi
903 1231 1093 1278 coelitus
1123 1231 1343 1278 illustrati
1374 1248 1514 1279 verax
1543 1242 1639 1279 tes-

233 1313 492 1358 timonium
525 1311 874 1375 perhibuerunt
908 1309 1083 1355 Christi
1116 1308 1367 1356 doetrinae.
1403 1310 1640 1358 Dixerunt

234 1388 362 1433 enim
402 1408 411 1431 :
451 1387 716 1450 Nunquam
752 1387 823 1431 sic·
862 1385 1046 1431 locutus
1086 1396 1153 1432 esc
1191 1385 1363 1443 homo,
1403 1387 1526 1439 sicut
1561 1385 1640 1432 hic

236 1465 443 1528 loquitur
471 1463 627 1509 homo.
665 1461 783 1521 Quia
810 1461 1040 1506 nimirum
1074 1461 1179 1518 ille,
1214 1462 1294 1526 qui
1328 1461 1636 1526 loquebatur,

233 1543 357 1588 Deus
382 1550 481 1586 erat
504 1549 551 1585 et
575 1538 737 1585 homo.
773 1535 997 1600 Superbis
1019 1537 1318 1601 principibus
1343 1538 1529 1585 veritati
1560 1555 1641 1585 ne-

236 1619 395 1682 quiter
437 1614 805 1679 derogantibus,
846 1613 1164 1661 Nichodemus
1208 1617 1489 1663 auctoritate
1527 1615 1640 1680 legis

237 1694 527 1758 compescuit
550 1709 715 1739 eorum
740 1690 945 1738 nefarios
968 1710 1121 1738 ausus.
1146 1693 1361 1758 Denique
1383 1693 1517 1740 nullo
1537 1709 1642 1757 per-

236 1770 364 1817 fecto
396 1769 589 1833 negotio
611 1803 624 1825 ,
657 1768 789 1813 vacui
824 1766 915 1814 fide
948 1779 994 1814 et
1017 1768 1150 1814 omni
1172 1768 1374 1815 fraudati
1408 1769 1637 1823 utilitate,

240 1865 347 1894 suos
371 1847 489 1893 lares
508 1845 802 1908 repetierunt
821 1844 913 1906 (2).

302 1925 431 1971 Jesus
462 1922 570 1968 inde
596 1922 643 1967 in
670 1931 886 1967 montem
909 1921 1079 1968 Oliveti
1105 1923 1314 1986 perrexit
1330 1959 1344 1981 ‚
1373 1925 1642 1988 iterumque

239 1999 450 2047 diluculo
484 2000 532 2045 in
573 1997 803 2062 templum
833 1999 982 2045 venit.
1024 1998 1094 2044 lbi
1126 1999 1335 2047 Domino
1375 2001 1563 2048 sedente
1595 2011 1642 2048 et

238 2080 464 2134 docente,
493 2077 647 2124 omnis
670 2075 874 2139 populus
897 2076 954 2121 ad
985 2093 1094 2123 eum
1127 2078 1283 2134 venit,
1319 2087 1367 2125 et
1394 2077 1642 2124 adductam

238 2157 486 2203 mulierem
513 2156 562 2200 in
593 2154 825 2200 adulterio
850 2153 1189 2216 deprehensam
1204 2154 1387 2217 justitia
1416 2141 1642 2202 condem-

241 2235 399 2288 navit,
427 2231 504 2277 sed
527 2229 773 2276 dulcedine
803 2229 988 2292 pietatis
1017 2247 1111 2275 suae
1135 2229 1352 2277 absolvit.
1380 2231 1640 2278 Pharisaica

239 2310 366 2355 fraus
396 2305 706 2369 muscipulam
743 2304 933 2352 Christo
967 2317 1249 2368 praestruere
1282 2309 1491 2372 putavit,
1525 2309 1641 2356 dum

240 2386 515 2450 opinionem
556 2385 651 2446 ejus
685 2400 790 2447 erga
832 2382 1020 2446 plebem
1058 2384 1286 2432 offuscare
1320 2387 1552 2444 tentavit,
1594 2397 1642 2434 et

243 2466 394 2527 ipsum
417 2472 496 2507 aut
525 2459 762 2505 crudelem
785 2470 864 2504 aut
897 2459 1122 2524 injustum
1144 2460 1457 2524 probabiliter
1487 2472 1640 2509 osten-

240 2554 338 2589 tare
362 2541 542 2605 sategit.
573 2540 692 2585 Nam
716 2540 750 2584 si
778 2556 905 2586 ream
922 2542 1054 2603 juxta
1078 2540 1320 2588 decretum
1341 2543 1492 2607 Moysi
1518 2558 1638 2589 con-

285 2716 567 2756 ·‘1)Joann.vn,
590 2710 712 2759 57-39.
734 2732 775 2736 —
795 2713 845 2756 (α)
861 2713 988 2746 Joann.
1011 2723 1075 2754 vii,
1097 2711 1216 2754 ‘fio-53.
