1738 3043
251 308 323 345 178
612 304 853 343 HISTORIA
885 305 1289 345 ECCLESIASTICA.

249 387 336 439 iit;
378 395 421 431 ct
457 385 675 430 Cunutus
711 395 862 431 totam
894 385 1114 449 Angliam
1149 385 1393 442 obtinuit,
1430 397 1476 433 et
1513 405 1658 455 usque

245 462 300 508 ad
337 472 540 509 mortem
570 462 790 526 possedit.
827 462 1097 509 Eduardum
1126 480 1240 510 vero
1272 474 1319 511 et
1352 463 1658 513 Edmundum

249 540 370 587 lilios
401 539 667 599 Edmundi‚
698 539 930 605 elegantes
960 539 1194 597 albeolos,
1229 541 1278 587 in
1313 541 1504 589 Daciam
1538 543 1661 590 rele-

246 619 372 682 gavit
394 653 406 674 ,
433 628 477 664 et
503 618 662 665 Sueno
687 619 784 682 regi
819 619 1064 665 Danorum
1089 618 1223 664 fratri
1257 635 1370 676 suo,
1398 630 1453 665 ut
1477 637 1555 667 eos
1583 625 1661 667 in-

247 694 506 751 terficeret,
534 694 789 741 mandavit.
826 694 887 740 At
918 695 994 741 ille
1017 712 1270 760 generosos
1303 707 1350 743 et
1384 697 1662 745 innocentes

247 792 418 839 pueros
433 775 652 840 nequiter
667 792 833 821 necare
854 775 1141 838 contempsit
1157 811 1169 831 ,
1194 774 1272 821 sed
1291 785 1395 822 orta
1418 776 1663 823 occasione

248 854 346 918 regi
368 854 622 901 Hunorum
653 852 756 900 illos
789 854 919 917 qnasi
947 863 1142 917 nepotes
1167 871 1274 900 suos
1298 852 1484 900 obsides
1512 853 1658 901 dedit.

249 930 317 977 lbi
344 931 622 977 Edmundus
646 932 759 977 clito
790 932 1038 976 immatura
1063 941 1218 978 morte
1242 929 1381 977 obiit.
1416 929 1664 978 Eduardus

249 1025 363 1055 vero
387 1009 467 1055 Dei
486 1019 608 1054 nutu
627 1008 771 1054 filiam
796 1009 916 1072 regis
939 1008 985 1054 in
1010 1008 1369 1054 matrimonium
1385 1008 1591 1073 accepit,
1617 1018 1665 1054 et

249 1103 390 1150 super
420 1087 587 1132 Hunos
623 1087 852 1150 regnavit.
892 1085 1132 1149 Edgarum
1157 1101 1270 1132 vero
1302 1084 1580 1146 Adelinum,
1619 1095 1666 1132 et

250 1163 554 1227 Margaritam
597 1164 808 1227 reginam
848 1163 1134 1218 Scotorum,
1174 1173 1221 1209 et
1259 1162 1572 1210 Christianam
1597 1165 1667 1226 (1)

250 1240 657 1288 sanctimonialem
690 1241 888 1304 genuit3
924 1257 1044 1304 qnos
1069 1239 1316 1285 Eduardus
1349 1239 1567 1287 Edelredi
1594 1257 1668 1287 re-

251 1318 321 1384 gis
348 1318 496 1375 filius,
533 1329 784 1383 postquam
823 1319 1033 1382 patrium
1052 1319 1128 1381 jus
1164 1317 1358 1381 adeptus
1382 1328 1475 1377 est,
1513 1335 1667 1365 accer-

252 1397 359 1454 siit,
380 1407 427 1443 et
453 1397 596 1443 veluti
622 1398 868 1461 propriam
903 1395 1090 1461 prolem
1119 1395 1166 1440 in
1193 1393 1362 1460 Anglia
1395 1394 1668 1460 benigniter

252 1473 468 1520 educavit
493 1475 586 1537 (2).

249 1577 1664 1598 ————-——.-7-.

299 1624 350 1668 (1)
377 1623 474 1657 Lisez
499 1622 698 1656 Christian.

299 1683 351 1728 (¹2)
377 1681 821 1717 Edmond-cote-de-Fer
840 1681 992 1716 succcda
1011 1683 1030 1716 ἐι
1049 1693 1113 1716 son
1133 1683 1218 1729 pere
1237 1674 1410 1717 Ethelred
1435 1682 1491 1725 ΙΙ,
1521 1689 1619 1717 mort
1636 1682 1671 1718 le
1692 1691 1696 1696 ’

255 1740 301 1777 23
318 1741 406 1776 avi-il
431 1741 540 1784 1016,
564 1749 601 1776 et
620 1741 674 1776 sut
697 1741 887 1783 assassine‚
909 1743 928 1775 a
951 1741 1188 1787 l'instigation
1207 1741 1354 1776 d'Edric
1377 1742 1529 1784 Streon‚
1555 1741 1618 1776 des
1639 1741 1671 1776 la
1731 1738 1738 1744 ⁵

255 1801 305 1836 fin
323 1801 369 1836 de
388 1801 583 1836 novembre
604 1800 649 1835 de
672 1800 811 1834 l‘annce
833 1801 994 1835 suivante
1018 1816 1023 1834 z
1051 1801 1289 1847 Vernserreo
1313 1803 1349 1834 in
1368 1807 1509 1835 secreta
1528 1807 1674 1836 naturae

258 1864 481 1909 transfixus,
504 1861 591 1895 dum
608 1863 645 1894 in
663 1873 806 1894 secessu
821 1859 1012 1903 resideret,
1030 1859 1085 1894 dit
1102 1859 1216 1895 l’naoul
1233 1860 1277 1894 de
1291 1860 1432 1894 Dicelo.
1451 1860 1516 1894 Les
1533 1861 1674 1895 enfants

257 1921 304 1956 de
321 1933 361 1955 ce
382 1921 507 1968 princc
524 1933 570 1955 ne
589 1920 822 1967 s'appelaient
839 1931 902 1966 pas
927 1911 1098 1954 Edouard
1116 1926 1153 1954 et
1175 1918 1343 1954 Edmond
1356 1947 1365 1963 ,
1388 1921 1477 1955 mais
1496 1919 1624 1954 Edwin
1638 1926 1675 1954 et

259 1972 445 2015 Edouard.
465 1980 526 2014 On
549 1991 781 2026 remarquera
799 1978 831 2013 le
849 1985 927 2013 mot
944 1978 1106 2013 alveolus
1122 1977 1278 2024 (cleve),
1299 1977 1512 2025 particulier
1527 1980 1546 2013 ἐι
1568 1985 1675 2013 notre

259 2047 407 2082 auteur,
439 2046 476 2073 et
503 2038 591 2086 qu'il
619 2039 710 2073 ecrit
732 2037 960 2085 quelquefois
984 2038 1167 2081 albeolus,
1193 2038 1282 2072 ainsi
1310 2049 1382 2085 que
1405 2037 1438 2072 la
1462 2037 1673 2081 confusion,

260 2099 484 2136 continuelle
509 2099 596 2133 chez
620 2111 685 2133 nos
703 2105 851 2133 auteurs
877 2097 1092 2141 normands,
1115 2097 1164 2132 du
1182 2098 1387 2133 Danemark
1407 2097 1572 2144 (Dania)
1593 2109 1676 2132 avec

261 2159 295 2195 la
318 2159 428 2194 Dacie
454 2158 517 2193 des
539 2158 695 2193 anciens.
727 2158 824 2193 C'est
846 2158 936 2192 ainsi
961 2170 1033 2205 que
1060 2157 1150 2191 dans
1170 2157 1204 2192 le
1228 2157 1456 2205 paragraphe
1480 2156 1678 2205 precedent

262 2230 355 2253 nous
376 2229 486 2252 avons
503 2230 548 2251 vu
568 2217 618 2251 les
639 2217 876 2263 Norwegiens
895 2216 1062 2263 designes
1087 2229 1152 2263 par
1167 2216 1201 2251 le
1226 2228 1312 2251 nom
1332 2216 1378 2251 de
1399 2215 1543 2260 Norici,
1571 2223 1609 2250 et
1627 2216 1678 2251 les

264 2277 418 2313 Suedois
439 2290 503 2323 par
525 2277 618 2312 celui
637 2276 682 2311 de
703 2277 824 2311 Saevi.

312 2337 412 2371 Tout
435 2348 475 2370 ce
504 2337 616 2383 qu‘on
644 2341 792 2369 raconte
815 2347 877 2369 sur
902 2334 952 2369 les
977 2333 1119 2368 enfants
1143 2332 1350 2368 d’Edmond
1373 2340 1428 2369 est
1454 2334 1609 2369 entache
1632 2333 1679 2369 de

268 2394 465 2440 grossiores
498 2391 837 2437 invi-aisemblances
865 2403 912 2427 ou
945 2391 1064 2426 meme
1097 2391 1380 2438 impossibilites.
1415 2391 1517 2427 Ainsi
1533 2420 1543 2436 ,
1573 2399 1679 2428 notre

267 2458 398 2487 auteur
416 2451 466 2486 les
489 2450 554 2486 fait
572 2462 728 2498 envoyer
746 2462 811 2498 par
835 2451 956 2485 Canut
980 2452 999 2484 a
1025 2462 1088 2484 son
1111 2450 1207 2485 frere
1227 2451 1396 2494 Suenon‚
1417 2451 1471 2486 roi
1495 2450 1541 2486 de
1557 2451 1678 2487 Dane-

268 2510 383 2554 mark,
397 2509 515 2545 tandis
529 2510 617 2557 qu'il
633 2509 823 2556 n'ajamais
838 2522 881 2544 eu
899 2509 944 2544 de
960 2509 1054 2544 frere
1064 2509 1108 2544 dc
1121 2522 1160 2544 ce
1173 2522 1270 2553 nom,
1286 2518 1402 2557 etque
1414 2509 1506 2545 celui
1520 2510 1585 2558 qui
1593 2522 1676 2558 par-

269 2578 372 2618 tagea
391 2583 435 2605 en
454 2571 537 2606 effet
551 2583 634 2605 avec
647 2569 697 2604 lui
717 2570 748 2605 le
761 2570 864 2605 trone
881 2569 926 2604 de
944 2569 1147 2605 Danemark
1166 2569 1211 2605 de
1234 2572 1321 2613 1014
1338 2572 1357 2604 a
1374 2582 1473 2619 1017,
1494 2570 1679 2618 s’appelait

269 2629 422 2666 Harald.
435 2630 600 2664 D'autres
616 2630 695 2665 sont
709 2643 748 2665 ce
763 2631 910 2666 Sucnon
924 2631 977 2665 roi
989 2630 1033 2665 (le
1045 2630 1163 2665 Suede
1174 2645 1182 2672 ς
1194 2630 1283 2664 mais
1293 2629 1325 2664 le
1336 2630 1390 2664 roi
1401 2629 1446 2664 de
1457 2629 1575 2665 Suede
1591 2642 1679 2666 con·

270 2691 474 2738 temporain
492 2689 537 2725 de
550 2691 688 2734 Caum,
704 2691 890 2738 s’appclait
902 2690 1036 2733 Olaiis;
1051 2690 1147 2725 enfin
1158 2718 1166 2733 ‚
1187 2702 1233 2725 on
1250 2690 1314 2724 fait
1325 2691 1480 2737 epouser
1492 2692 1510 2725 a
1526 2690 1601 2725 l’un
1616 2690 1678 2726 des
1707 2680 1715 2692 ⁶

272 2750 381 2785 exiles
397 2750 430 2785 la
443 2762 538 2785 soeur
556 2748 606 2784 du
619 2751 673 2784 roi
692 2749 861 2785 Salomon
877 2749 921 2784 de
936 2750 1113 2796 llongrie,
1128 2755 1164 2783 et
1178 2755 1283 2783 notre
1299 2749 1472 2784 auteurle
1482 2749 1548 2784 fait
1561 2749 1679 2784 meme

275 2812 406 2856 regnet·
417 2822 478 2844 sur
489 2823 528 2845 ce
541 2822 637 2856 pays,
651 2817 686 2845 et
700 2809 772 2844 l'on
786 2810 897 2844 marie
912 2809 1036 2843 l'antre
1047 2810 1066 2843 a
1077 2807 1107 2843 la
1123 2808 1193 2843 fille
1205 2807 1250 2843 de
1264 2807 1480 2855 l’empereur
1490 2809 1610 2844 Henri
1622 2807 1677 2851 ΙΙ,
