1738 3043
232 270 310 307 342
600 265 843 304 HISTORIA
873 264 1275 305 ECCLESIASTICA.

231 357 561 411 sumpserunt,
604 345 902 410 populosque
940 345 1056 410 quid
1092 344 1306 392 homines
1347 343 1649 392 rationabiles

231 443 364 489 :igere
379 460 390 480 ,
419 424 490 470 vel
510 423 714 488 qualiter
732 422 926 470 obedire
946 424 1045 470 Deo
1068 422 1297 469 deberent
1313 457 1326 479 ‚
1349 421 1644 478 docuerunt3

230 502 594 566 exemplumque
618 500 873 549 brutorum
898 501 1173 548 animalium
1198 499 1349 566 digito
1371 518 1472 566 prae
1496 499 1649 549 oculis

229 578 558 627 ostenderunt.

296 659 420 722 Rege
439 656 722 721 populisque
750 655 1044 721 petentibus,
1071 673 1170 704 uno
1192 673 1321 704 anno
1341 665 1388 704 et
1406 652 1649 703 mensibus

232 736 384 784 tribus
417 735 697 802 Babyloniae
732 735 1012 783 commorati
1048 745 1177 782 sunt.
1208 735 1316 795 Quo
1350 735 1398 781 in
1432 743 1649 800 tempore

229 813 429 878 amplius
448 830 592 877 quam
619 829 678 858 Lx
703 812 849 858 millia
877 812 1117 869 virorum,
1146 812 1352 875 exceptis
1375 811 1584 876 parvulis
1602 821 1651 859 et

230 889 535 947 mulieribus,
563 889 785 952 baptizati
811 899 940 934 sunt.
961 889 1097 934 Prius
1119 905 1201 935 rex
1225 899 1272 935 et
1297 888 1530 935 universae
1549 887 1651 953 dig-

231 970 402 1015 nitates
427 970 523 1030 ejus
549 965 690 1013 fidem
715 977 1040 1028 susceperunt.
1069 963 1307 1012 Videbant
1329 965 1456 1011 enim
1483 981 1650 1012 omnes

232 1046 532 1093 infirmitates
562 1044 710 1090 verbo
741 1044 926 1102 curari,
961 1060 1109 1090 caecos
1145 1041 1403 1088 illuminari
1438 1051 1486 1088 et
1514 1058 1652 1088 mor-

232 1135 338 1172 tuos
363 1121 595 1169 suscitari.
622 1119 824 1178 Abdias,
846 1121 928 1185 qui
955 1138 1064 1166 cum
1090 1120 1199 1184 ipsis
1217 1138 1239 1165 a
1258 1118 1417 1166 Judaea
1435 1130 1649 1176 venerat,

232 1211 279 1248 et
304 1202 400 1265 ipse
424 1198 574 1246 oculis
592 1199 687 1244 suis
706 1198 970 1245 Dominum
994 1198 1152 1245 Jesum
1171 1196 1379 1254 viderat,
1405 1195 1652 1261 episcopus

231 1279 479 1327 ordinatus
515 1289 613 1335 est,
655 1287 701 1324 et
741 1277 903 1323 civitas
943 1275 1147 1323 ecclesiis
1183 1275 1359 1339 repleta
1399 1284 1484 1322 est..
1528 1273 1652 1335 Qui-

233 1358 320 1404 bus
359 1359 450 1404 rite
486 1355 749 1413 ordinatis,
786 1355 990 1420 profecti
1029 1366 1157 1401 sunt.
1198 1353 1530 1419 Sequebantur
1562 1370 1651 1399 au-

237 1442 332 1479 tem
368 1447 447 1478 eos
480 1428 635 1476 turbae
670 1429 1015 1494 discipulorum
1034 1465 1046 1486 ‚
1073 1429 1266 1476 ducenti
1297 1438 1344 1476 et
1373 1445 1429 1475 eo
1452 1427 1654 1492 amplius

237 1511 343 1555 viri.
383 1508 740 1555 Circumierunt
778 1524 845 1554 xu
883 1508 1154 1572 provincias
1188 1505 1389 1554 Persidis
1426 1515 1474 1553 et
1513 1503 1653 1552 urbes

233 1604 413 1633 carum.

301 1662 489 1710 Amodo
502 1672 686 1725 tempus
698 1672 765 1708 est
775 1660 1023 1709 enarrandi
1036 1661 1239 1727 qualiter
1250 1660 1366 1724 passi
1381 1670 1492 1706 sunt
1502 1660 1650 1706 sancti

237 1741 456 1806 apostoli.
471 1741 684 1787 Memora
692 1740 724 1785 ti
741 1740 885 1804 igitur
895 1740 1014 1803 magi
1030 1740 1198 1786 Zaroes
1214 1749 1261 1785 et
1272 1737 1468 1784 Arfaxat
1480 1737 1653 1784 scelera

238 1837 322 1883 per
345 1819 556 1864 civitates
582 1815 817 1863 faciebant
834 1852 847 1873 ‚
876 1834 1018 1881 seque
1046 1816 1103 1863 de
1132 1833 1302 1880 genere
1328 1815 1528 1862 deorum
1558 1831 1654 1861 esse

237 1895 485 1952 dicebant,
518 1905 565 1941 et
604 1911 789 1958 semper
817 1912 840 1940 a
875 1894 992 1941 facie
1026 1893 1353 1958 apostolorum
1385 1889 1649 1957 fugiebant.

239 1974 428 2021 Taudiu
441 1971 698 2019 manebant
721 1972 768 2019 in
788 1989 1086 2037 quacumque
1105 1971 1313 2027 civitate,
1340 1970 1492 2017 donec
1509 1985 1654 2033 agno-

239 2062 423 2100 scerent
442 2051 678 2116 apostolos
699 2051 811 2097 illuc
827 2050 1063 2098 advenire.
1087 2052 1139 2097 In
1159 2050 1298 2097 Sanir
1317 2049 1391 2113 (1)
1415 2065 1509 2095 Lxx
1529 2058 1652 2095 tem-

240 2131 433 2194 plorum
453 2128 704 2193 pontifices
724 2139 876 2185 erant,
893 2129 975 2193 qui
994 2127 1196 2192 singulas
1213 2127 1314 2173 auri
1337 2125 1479 2172 libras
1500 2142 1523 2171 a
1543 2140 1653 2188 rege

241 2218 408 2272 quater
435 2207 482 2252 in
507 2223 634 2254 anno
655 2205 1087 2271 consequebantur,
1109 2205 1300 2271 quando
1323 2203 1433 2251 solis
1459 2202 1652 2268 epulum

241 2282 543 2331 celebrabant
573 2304 582 2328 :
613 2284 661 2330 in
687 2284 891 2329 introitu
921 2283 1098 2330 scilicet
1128 2284 1249 2330 veris
1273 2292 1320 2330 et
1342 2281 1537 2337 aestatis‚
1565 2297 1653 2326 au-

242 2360 397 2406 tumni
431 2370 478 2406 et
510 2359 691 2406 hiemis.
718 2359 906 2406 Praesati
930 2360 1049 2424 magi
1076 2375 1400 2425 quoscumque
1430 2365 1652 2422 poterant

243 2447 407 2482 contra
434 2435 671 2499 apostolos
705 2434 881 2500 ubique
915 2435 1308 2493 commovebant,
1335 2445 1382 2482 et
1405 2433 1495 2481 hoc
1519 2449 1650 2495 prae-

242 2523 406 2560 euntes
430 2511 607 2560 obnixe
631 2511 971 2575 procurabant.

272 2668 539 2674 --——-—-—
567 2668 689 2672 ———
709 2669 756 2673 --—
766 2668 1111 2675 -—..-—....--—-.—-

291 2770 337 2805 (ι)
365 2766 461 2800 Lisez
484 2782 487 2798 ς
514 2765 660 2800 Sumu'r.
