1738 3043
570 212 720 251 LIBER
752 211 957 250 PRIMUS.
1417 213 1466 252 47

59 296 290 342 Joannem
314 293 476 342 docuit
504 292 875 357 interrogantem
906 309 964 337 nc
994 289 1241 354 prohibeat
1268 291 1466 339 virtutes

62 373 108 419 in
129 375 225 436 ejus
242 372 436 419 nomine
458 370 709 417 facientem
727 369 821 433 (1).

123 452 247 497 Dum
274 452 362 498 iret
396 451 442 496 in
466 448 748 503 Jerusalem,
776 456 887 493 ante
921 457 1227 511 conspectum
1256 464 1393 495 suum
1415 450 1461 495 in

57 530 292 576 civitatem
338 528 742 575 Samaritanorum
792 525 920 571 misit
965 525 1191 581 nuntios;
1240 526 1318 573 sed
1364 544 1463 575 non

56 616 337 671 receperunt
349 624 445 654 e08.
465 603 696 653 Jacobum
714 620 828 650 vero
843 613 890 650 et
907 603 1157 659 Jonnncm,
1178 604 1284 668 quia
1306 605 1461 669 ignem

53 682 110 729 de
133 683 259 729 coelo
282 699 421 746 super
444 689 796 744 contemptores
819 690 978 743 petere
995 679 1278 739 voluerunt,
1307 681 1466 728 incre-

53 759 201 823 pavit,
237 759 396 805 dicens
436 778 446 804 :
489 757 699 804 Nescitis
733 757 873 820 eujus
906 757 1101 821 spiritus
1135 758 1263 803 estis.
1302 758 1465 804 Filius

54 836 258 882 hominis
276 854 371 882 non
396 837 529 881 venit
548 836 739 881 animas
750 833 981 899 perdere,
1009 834 1098 880 sed
1118 834 1304 882 salvare
1322 836 1414 899 (2).

115 914 419 979 Septuaginta
443 913 560 960 duos
587 912 848 977 designavit
865 947 879 969 ‚
908 911 1107 977 illosque
1130 911 1270 958 binos
1292 912 1341 958 in
1365 930 1465 960 om-

53 1009 161 1039 nem
195 993 433 1039 eivitatem
473 1001 520 1038 et
559 991 718 1037 locum
734 1026 748 1048 ‚
787 1007 885 1055 quo
925 1000 1024 1037 erat
1070 990 1166 1055 ipse
1206 1001 1461 1048 venturus,

51 1069 207 1125 misit3
238 1069 422 1134 illisque
446 1078 679 1132 praecepta
698 1103 711 1124 ‚
739 1066 912 1132 quibus
942 1078 989 1114 et
1018 1067 1261 1132 quomodo
1285 1069 1464 1132 praedi-

53 1163 157 1193 care
172 1144 425 1202 deberent,
449 1145 702 1192 intimavit.
723 1143 990 1190 lncredulas
1009 1145 1219 1191 civitates
1245 1146 1464 1210 increpa—

51 1224 138 1270 vit.
169 1224 472 1289 Septuaginta
506 1221 692 1268 duobus
722 1222 918 1269 reversis
948 1232 1089 1286 atque
1120 1221 1461 1287 gaudentibu5‚

50 1302 277 1365 praecepit
301 1319 399 1348 non
424 1301 481 1347 de
507 1299 800 1363 subjectione
826 1299 1126 1357 daemonum,
1161 1300 1239 1347 sed
1268 1299 1325 1347 de
1353 1318 1465 1348 suo-

49 1395 157 1423 rum
184 1378 232 1423 iu
257 1378 384 1424 coelo
411 1377 665 1426 nominum
694 1376 952 1440 scriptione
977 1376 1193 1439 gaudere.
1220 1377 1466 1425 Confessio

49 1455 197 1501 laudis
219 1454 427 1502 refertur
451 1455 506 1500 ad
524 1465 724 1519 patrem.
750 1455 916 1501 Beatos
934 1453 1051 1500 dicit
1068 1455 1305 1502 Dominus
1327 1455 1466 1503 disci-

47 1533 272 1597 pulorum
309 1533 473 1580 oculos
497 1569 510 1589 ‚
553 1532 662 1597 quia
698 1531 862 1578 vident
898 1549 1006 1597 quae
1043 1532 1228 1596 priores
1264 1535 1379 1598 justi
1417 1545 1464 1582 et

48 1628 178 1676 reges
202 1612 459 1660 voluerunt
481 1609 639 1658 videre
661 1620 710 1658 et
734 1627 835 1658 non
858 1609 1081 1658 viderunt
1107 1612 1199 1675 (5).

114 1689 339 1735 Tentanti
365 1689 476 1753 legis
503 1689 658 1753 perito
687 1688 904 1754 dogmata
925 1705 1049 1735 verae
1075 1689 1234 1736 salutis
1258 1689 1463 1741 insinua-

47 1765 142 1821 vit,
181 1775 228 1812 et
258 1765 528 1830 paradigma
559 1763 617 1812 de
649 1765 843 1812 homine
876 1765 1189 1813 descendente
1226 1765 1284 1814 de
1324 1768 1461 1814 Jeru-

49 1842 190 1888 salem
234 1843 281 1888 in
328 1843 519 1889 Jericho
565 1853 612 1889 et
663 1842 720 1890 de
763 1842 945 1889 casibus
990 1845 1087 1907 ejus
1128 1844 1333 1908 protulit
1356 1864 1369 1902 ;
1415 1857 1461 1892 et

51 1918 396 1964 Samaritanum
410 1954 423 1975 ‚
451 1919 557 1982 qui,
588 1918 942 1965 transeuntibus
965 1920 1205 1967 sacerdote
1228 1931 1275 1967 et
1296 1921 1458 1981 levita,

56 1995 299 2043 vulnerato
331 2014 353 2042 a
385 1995 650 2043 latronibus
680 1995 924 2053 subvenit,
963 1997 1238 2060 proximum
1270 1999 1462 2045 miseri-

51 2073 259 2121 cordiam
285 2074 500 2121 faciendo
526 2074 591 2120 illi
619 2074 760 2121 fuisse
784 2074 936 2138 palam
960 2076 1243 2121 monstravit
1268 2076 1359 2140 (4).

114 2153 166 2198 ln
188 2153 377 2200 castello
398 2153 528 2199 Jesus
552 2151 812 2217 hospitium
837 2152 1009 2210 subiit,
1037 2164 1085 2200 et
1107 2154 1348 2218 querelam
1372 2155 1460 2200 mi-

50 2229 293 2276 nistrantis
317 2229 515 2277 Marthae
538 2230 594 2278 de
617 2248 781 2278 sorore
801 2248 899 2278 non
925 2248 1026 2278 eam
1052 2231 1300 2295 adjuvante
1324 2249 1461 2279 com—

47 2308 252 2370 pescuit;
271 2307 379 2372 quia
394 2308 623 2371 optimam
638 2324 737 2354 eam
752 2317 935 2372 partem
949 2307 1137 2372 elegisse
1151 2309 1346 2355 asseruit
1363 2309 1457 2373 (5).

113 2383 363 2430 Matthaeus
396 2384 444 2430 in
478 2385 694 2432 oratione
724 2383 962 2431 dominica
992 2394 1171 2448 septem
1204 2384 1460 2449 petitiones

93 2596 144 2640 (ι)
170 2595 299 2630 Mauh.
331 2607 389 2639 xx,
424 2599 547 2643 ¹7⁰4ss
578 2596 689 2630 Marc.
714 2608 754 2639 x,
786 2594 910 2638 52-45.
943 2617 977 2621 -
1006 2598 1056 2641 (2)
1076 2597 1163 2631 Luc.
1186 2609 1236 2640 ix,
1267 2597 1392 2633 51-56.
1413 2618 1458 2624 —-

50 2651 99 2698 (3)
116 2655 200 2689 Luc.
223 2667 261 2697 x,
286 2658 381 2697 1-24.
409 2675 454 2680 —
481 2656 530 2700 (4)
552 2656 679 2690 matth.
713 2668 798 2700 xxii,
828 2655 959 2699 54-4ο;
989 2657 1100 2691 Marc.
1123 2669 1192 2699 xii,
1213 2657 1344 2700 28-543
1368 2659 1451 2690 luc.

53 2726 66 2746 x
80 2741 88 2755 ‚
112 2712 355 2762 '15-37.—(5)
375 2715 459 2749 Luc.
482 2727 518 2757 x,
539 2713 658 2757 58-45.
