1738 3043
198 296 272 332 128
563 288 805 327 HISTORIA
835 287 1242 327 ECCLEsIAsTch.

267 373 407 418 Tunc
431 367 646 416 diabolus
677 367 847 415 Judaeis
879 368 926 414 in
952 368 1089 414 Creta
1116 367 1163 413 in
1188 366 1340 430 specie
1363 366 1518 432 Moysi
1541 385 1622 431 ap-

203 450 392 516 paruit,
424 463 598 511 eosque
633 445 690 492 ad
727 457 899 493 terram
938 444 1320 508 repromissionis
1347 443 1464 508 pede
1497 445 1622 490 sicco

202 546 288 592 per
324 543 452 572 mare
488 523 746 589 perducere
783 523 1005 588 promisit
1024 542 1036 579 ;
1081 523 1241 586 sicque
1283 521 1505 586 plurimis
1539 539 1623 569 ne-

204 607 344 663 catis,
384 603 556 668 reliqui
581 602 637 649 ad
662 602 837 648 Christi
865 602 1065 666 gratiam
1091 609 1465 648 convertuntur.

271 684 415 729 Anno
441 689 495 727 ιιΟ
520 680 747 727 Marciani
782 689 827 726 et
852 678 1208 734 Valentiniani,
1234 677 1486 725 Meroveus
1514 694 1624 733 rex,

205 771 459 828 postquam
511 775 593 805 xin
634 758 771 804 annis
817 757 1032 821 regnavit
1058 793 1071 813 ,
1120 765 1342 803 mortuus
1381 766 1468 803 est.
1516 760 1630 803 Post

208 856 350 905 quem
391 836 684 884 Chilclericus
726 835 849 881 filius
884 837 980 898 ejus
1018 851 1103 898 per
1136 850 1287 881 annos
1325 849 1440 880 xxm
1479 849 1631 899 regno

209 919 506 965 Francorum
531 914 712 978 potitus
737 923 805 959 est
824 913 914 976 (ι).

278 995 374 1040 Leo
407 992 543 1038 annis
574 1007 691 1038 xvn‘.
729 991 817 1036 llic
851 1007 940 1054 pro
978 1000 1112 1037 tomo
1141 989 1511 1037 Chalcedonensi
1547 1006 1634 1053 per

213 1071 491 1118 universum
531 1068 700 1115 orbem
744 1067 940 1131 singulis
982 1066 1367 1115 orthodoxorum
1403 1065 1635 1131 episcopis

215 1146 421 1212 singulas
448 1155 860 1209 consonantesque
891 1143 1021 1190 misit
1053 1144 1297 1208 epistolas,
1326 1143 1442 1209 quid
1469 1142 1526 1190 de
1551 1159 1638 1190 eo-

215 1225 323 1273 dem
348 1235 483 1272 tomo
516 1223 751 1270 sentirent
774 1220 969 1269 rescribi
996 1220 1085 1268 sibi
1118 1222 1382 1286 postulans.
1419 1221 1639 1282 Quorum

215 1302 331 1350 adeo
370 1301 682 1349 consonantia
716 1300 774 1347 de
810 1317 918 1347 vera
954 1298 1129 1346 Christi
1166 1298 1494 1347 incarnatione
1531 1315 1640 1345 sus-

219 1380 345 1445 cepit
367 1380 587 1428 omnium
611 1379 836 1442 rescripta
855 1413 868 1435 ,
902 1395 953 1424 ac
977 1378 1013 1424 si
1045 1395 1144 1425 uno
1170 1388 1384 1442 tempore
1399 1412 1414 1436 ,
1446 1393 1642 1442 unoque

219 1457 453 1514 dictante,
484 1457 684 1504 fuissent
709 1457 927 1503 universa
952 1458 1220 1521 conscripta
1239 1456 1330 1520 (2).

287 1536 569 1583 Theodorus
586 1537 833 1600 episcopus
850 1536 1070 1592 civitatis,
1093 1553 1200 1600 quae
1215 1553 1238 1581 a
1255 1535 1383 1601 Cyro
1399 1551 1512 1600 rege
1531 1538 1644 1581 Per-

222 1632 381 1662 sarum
417 1614 605 1662 condita
640 1615 798 1679 Cyriae
832 1631 1010 1661 nomen
1046 1613 1213 1671 habet,
1250 1613 1417 1661 scribit
1447 1613 1505 1660 de
1535 1630 1645 1661 vera

225 1693 554 1740 incarnatione
590 1692 785 1739 Domini
822 1692 1079 1739 salvatoris
1116 1691 1335 1739 adversus
1375 1690 1646 1757 Eutychem

225 1782 272 1819 et
297 1771 580 1818 Dioscorum
614 1770 911 1817 Alexandriae
944 1771 1250 1834 episcopum,
1281 1771 1363 1835 qui
1390 1769 1648 1817 humanam

227 1849 275 1894 in
310 1846 501 1894 Christo
537 1865 728 1894 carnem
765 1857 955 1911 negant.
987 1847 1185 1911 Scripsit
1208 1856 1256 1893 et
1278 1847 1540 1893 Historiam
1566 1863 1648 1894 ec-

227 1925 530 1972 clesiasticam
563 1943 585 1971 a
624 1924 719 1972 fine
754 1923 993 1971 librorum
1016 1923 1209 1971 Eusebii
1247 1942 1394 1990 usque
1429 1924 1487 1971 ad
1509 1942 1650 1971 suum

231 2013 443 2066 tempus,
472 2001 518 2048 id
541 2011 611 2048 est
634 2019 781 2066 usque
801 2001 858 2048 ad
888 2002 1142 2066 imperium
1166 2003 1338 2049 Leonis
1366 2001 1503 2066 hujus
1521 2038 1535 2060 ,
1560 2001 1649 2049 sub

230 2097 327 2145 quo
353 2091 400 2127 et
424 2089 640 2126 mortuus
664 2090 749 2126 cst.
777 2079 1022 2127 Victorius
1038 2118 1049 2139 ‚
1070 2079 1270 2144 jubente
1296 2098 1415 2145 papa
1438 2080 1646 2139 Hilario,

229 2159 418 2223 scripsit
435 2155 702 2204 Paschalem
725 2157 959 2204 circulum
980 2174 1183 2204 Dcxxxu
1207 2174 1447 2205 annorum
1465 2158 1557 2221 (3).

279 2370 329 2414 (ι)
355 2368 416 2403 On
434 2368 532 2415 place
550 2368 839 2402 ordinaircnwnt
853 2381 897 2403 en
915 2367 982 2410 456
998 2368 1030 2402 la
1044 2375 1140 2403 mort
1154 2368 1199 2403 de
1219 2368 1404 2413 merome,
1423 2369 1487 2416 qui
1503 2376 1557 2403 est
1571 2380 1653 2417 rap-

233 2430 359 2475 portce
385 2427 428 2461 ici
453 2430 471 2461 a
497 2427 634 2461 Fanni-e
653 2428 833 2474 comprise
851 2435 955 2462 entre
978 2428 1010 2463 le
1032 2428 1074 2463 25
1093 2429 1181 2463 aosit
1203 2428 1264 2471 451
1291 2436 1327 2463 et
1347 2429 1380 2464 le
1401 2431 1446 2472 24
1465 2428 1553 2464 aofit
1570 2428 1652 2472 452.

233 2487 305 2522 Son
327 2486 380 2520 fils
397 2485 582 2521 Cliilderic
599 2500 617 2519 a
635 2488 747 2531 regni:
765 2488 914 2521 environ
936 2487 1144 2535 vingt-cinq
1161 2500 1224 2523 ans
1243 2487 1444 2533 (456-481).

279 2545 328 2589 (2)
355 2544 514 2585 (Janvivr
538 2543 764 2592 457-janviei·
783 2548 877 2591 474).
899 2546 947 2580 La
964 2546 1155 2581 circulaire
1179 2546 1224 2581 de
1250 2546 1468 2593 l’empereur
1483 2557 1554 2580 aux
1572 2547 1651 2580 me-

234 2602 464 2650 tropolitains
480 2610 533 2636 est
555 2603 599 2637 de
626 2601 691 2651 457
704 2632 712 2647 ‚
735 2611 771 2638 vt
794 2604 844 2638 les
863 2604 1123 2641 deliberations
1141 2605 1203 2640 des
1223 2606 1376 2653 eveques
1402 2604 1490 2638 dans
1510 2604 1652 2652 chaque

237 2663 406 2709 province
425 2661 695 2710 ceclesiastique
715 2663 760 2697 (le
780 2662 859 2705 458.

285 2720 334 2768 (5)
361 2721 572 2756 Theodoret
584 2750 593 2765 ‚
616 2724 660 2756 ne
677 2735 753 2757 vers
767 2722 847 2771 587,
874 2724 1009 2772 eveque
1024 2724 1069 2758 de
1089 2724 1162 2770 Cyr
1183 2736 1228 2758 en
1247 2722 1334 2766 423,
1356 2729 1453 2757 mort
1465 2735 1543 2757 vers
1560 2721 1626 2765 458
1639 2750 1649 2766 ‚

239 2796 255 2815 ,ι
277 2780 425 2816 canduit
447 2793 508 2815 son
530 2781 688 2816 Histoire
705 2784 996 2830 ecclefu'aetiqnn,
1014 2795 1086 2818 non
1108 2794 1169 2830 pas
1177 2782 1348 2830 jusqu'au
1363 2783 1474 2829 regne
1490 2781 1537 2817 de
1553 2782 1650 2818 Leon
