<?xml version="1.0" encoding="UTF-8"?>
<!DOCTYPE html PUBLIC "-//W3C//DTD XHTML 1.0 Transitional//EN"
    "http://www.w3.org/TR/xhtml1/DTD/xhtml1-transitional.dtd">
<html xmlns="http://www.w3.org/1999/xhtml" xml:lang="en" lang="en">
 <head>
  <title>
</title>
<meta http-equiv="Content-Type" content="text/html;charset=utf-8" />
  <meta name='ocr-system' content='tesseract 3.04.00' />
  <meta name='ocr-capabilities' content='ocr_page ocr_carea ocr_par ocr_line ocrx_word'/>
</head>
<body>
  <div class='ocr_page' id='page_1' title='image "./ordericivitalish01ordeuoft/ordericivitalish01ordeuoft_0042.png"; bbox 0 0 1738 3043; ppageno 0'>
   <div class='ocr_carea' id='block_1_1' title="bbox 225 186 1263 227">
    <p class='ocr_par' dir='ltr' id='par_1_1' title="bbox 225 186 1263 227">
     <span class='ocr_line' id='line_1_1' title="bbox 225 186 1263 227; baseline -0.001 -1"><span class='ocrx_word' id='word_1_1' title='bbox 225 190 275 226; x_wconf 76' lang='lat'>26</span> <span class='ocrx_word' id='word_1_2' title='bbox 591 186 834 224; x_wconf 80' lang='lat' dir='ltr'>HISTORIA</span> <span class='ocrx_word' id='word_1_3' title='bbox 865 186 1263 227; x_wconf 78' lang='lat' dir='ltr'>ECCLESIASTICA.</span> 
     </span>
    </p>
   </div>
   <div class='ocr_carea' id='block_1_2' title="bbox 218 265 1650 2567">
    <p class='ocr_par' dir='ltr' id='par_1_2' title="bbox 224 265 1634 410">
     <span class='ocr_line' id='line_1_2' title="bbox 224 265 1634 333; baseline 0.003 -21"><span class='ocrx_word' id='word_1_4' title='bbox 224 267 346 312; x_wconf 71' lang='lat' dir='ltr'>ravit</span> <span class='ocrx_word' id='word_1_5' title='bbox 378 283 571 312; x_wconf 83' lang='lat' dir='ltr'>omnem</span> <span class='ocrx_word' id='word_1_6' title='bbox 607 266 962 329; x_wconf 72' lang='lat' dir='ltr'>languoremet</span> <span class='ocrx_word' id='word_1_7' title='bbox 994 265 1346 325; x_wconf 84' lang='lat' dir='ltr'>infirmitatem;</span> <span class='ocrx_word' id='word_1_8' title='bbox 1375 277 1429 314; x_wconf 85' lang='lat' dir='ltr'>ut</span> <span class='ocrx_word' id='word_1_9' title='bbox 1461 267 1634 333; x_wconf 91' lang='lat' dir='ltr'>quibus</span> 
     </span>
     <span class='ocr_line' id='line_1_3' title="bbox 224 344 1568 410; baseline 0.002 -20"><span class='ocrx_word' id='word_1_10' title='bbox 224 361 323 392; x_wconf 89' lang='lat' dir='ltr'>non</span> <span class='ocrx_word' id='word_1_11' title='bbox 346 354 549 391; x_wconf 76' lang='lat' dir='ltr'>suaserat</span> <span class='ocrx_word' id='word_1_12' title='bbox 571 361 726 392; x_wconf 89' lang='lat' dir='ltr'>sermo</span> <span class='ocrx_word' id='word_1_13' title='bbox 744 379 757 401; x_wconf 89' lang='lat'><em>,</em></span> <span class='ocrx_word' id='word_1_14' title='bbox 779 344 1078 408; x_wconf 80' lang='lat' dir='ltr'>persuaderet</span> <span class='ocrx_word' id='word_1_15' title='bbox 1101 345 1256 408; x_wconf 88' lang='lat' dir='ltr'>operis</span> <span class='ocrx_word' id='word_1_16' title='bbox 1280 344 1568 410; x_wconf 78' lang='lat' dir='ltr'>magnitudo.</span> 
     </span>
    </p>

    <p class='ocr_par' dir='ltr' id='par_1_3' title="bbox 218 420 1650 1499">
     <span class='ocr_line' id='line_1_4' title="bbox 288 420 1633 488; baseline 0.001 -18"><span class='ocrx_word' id='word_1_17' title='bbox 288 423 328 470; x_wconf 83' lang='lat' dir='ltr'>V</span> <span class='ocrx_word' id='word_1_18' title='bbox 335 423 462 470; x_wconf 86' lang='lat' dir='ltr'>idens</span> <span class='ocrx_word' id='word_1_19' title='bbox 498 420 658 468; x_wconf 84' lang='lat' dir='ltr'>turbas</span> <span class='ocrx_word' id='word_1_20' title='bbox 680 423 837 479; x_wconf 87' lang='lat' dir='ltr'>Jesus,</span> <span class='ocrx_word' id='word_1_21' title='bbox 877 422 1094 470; x_wconf 86' lang='lat' dir='ltr'>misertus</span> <span class='ocrx_word' id='word_1_22' title='bbox 1121 433 1190 470; x_wconf 88' lang='lat' dir='ltr'>est</span> <span class='ocrx_word' id='word_1_23' title='bbox 1221 423 1285 469; x_wconf 86' lang='lat' dir='ltr'>eis</span> <span class='ocrx_word' id='word_1_24' title='bbox 1302 464 1313 483; x_wconf 86' lang='lat'><strong>‚</strong></span> <span class='ocrx_word' id='word_1_25' title='bbox 1349 424 1459 488; x_wconf 87' lang='lat' dir='ltr'>quia</span> <span class='ocrx_word' id='word_1_26' title='bbox 1482 426 1633 472; x_wconf 87' lang='lat' dir='ltr'>vexati</span> 
     </span>
     <span class='ocr_line' id='line_1_5' title="bbox 225 500 1632 565; baseline 0.001 -17"><span class='ocrx_word' id='word_1_27' title='bbox 225 512 360 548; x_wconf 73' lang='lat' dir='ltr'>erant</span> <span class='ocrx_word' id='word_1_28' title='bbox 391 510 438 548; x_wconf 85' lang='lat' dir='ltr'>et</span> <span class='ocrx_word' id='word_1_29' title='bbox 463 502 698 564; x_wconf 85' lang='lat' dir='ltr'>jacentes,</span> <span class='ocrx_word' id='word_1_30' title='bbox 726 501 845 547; x_wconf 90' lang='lat' dir='ltr'>sicut</span> <span class='ocrx_word' id='word_1_31' title='bbox 871 517 978 548; x_wconf 86' lang='lat' dir='ltr'>oves</span> <span class='ocrx_word' id='word_1_32' title='bbox 1006 511 1242 565; x_wconf 79' lang='lat' dir='ltr'>pastorem</span> <span class='ocrx_word' id='word_1_33' title='bbox 1266 517 1364 549; x_wconf 88' lang='lat' dir='ltr'>non</span> <span class='ocrx_word' id='word_1_34' title='bbox 1392 500 1632 551; x_wconf 85' lang='lat' dir='ltr'>habentes.</span> 
     </span>
     <span class='ocr_line' id='line_1_6' title="bbox 231 579 1637 644; baseline 0.003 -19"><span class='ocrx_word' id='word_1_35' title='bbox 231 579 487 626; x_wconf 78' lang='lat' dir='ltr'>Duodecim</span> <span class='ocrx_word' id='word_1_36' title='bbox 519 579 675 644; x_wconf 79' lang='lat' dir='ltr'>itaque</span> <span class='ocrx_word' id='word_1_37' title='bbox 705 580 1007 635; x_wconf 59' lang='lat' dir='ltr'>convocavit,</span> <span class='ocrx_word' id='word_1_38' title='bbox 1042 589 1089 626; x_wconf 86' lang='lat' dir='ltr'>et</span> <span class='ocrx_word' id='word_1_39' title='bbox 1114 591 1394 643; x_wconf 86' lang='lat' dir='ltr'>potestatem</span> <span class='ocrx_word' id='word_1_40' title='bbox 1429 580 1520 627; x_wconf 87' lang='lat' dir='ltr'>illis</span> <span class='ocrx_word' id='word_1_41' title='bbox 1549 580 1637 629; x_wconf 83' lang='lat' dir='ltr'>de-</span> 
     </span>
     <span class='ocr_line' id='line_1_7' title="bbox 224 656 1637 721; baseline 0.002 -18"><span class='ocrx_word' id='word_1_42' title='bbox 224 657 293 703; x_wconf 84' lang='lat' dir='ltr'>dit</span> <span class='ocrx_word' id='word_1_43' title='bbox 325 667 378 703; x_wconf 88' lang='lat' dir='ltr'>ut</span> <span class='ocrx_word' id='word_1_44' title='bbox 414 656 683 703; x_wconf 89' lang='lat' dir='ltr'>immundos</span> <span class='ocrx_word' id='word_1_45' title='bbox 715 657 907 720; x_wconf 86' lang='lat' dir='ltr'>spiritus</span> <span class='ocrx_word' id='word_1_46' title='bbox 938 657 1161 721; x_wconf 81' lang='lat' dir='ltr'>ejicerent</span> <span class='ocrx_word' id='word_1_47' title='bbox 1197 668 1243 705; x_wconf 85' lang='lat' dir='ltr'>et</span> <span class='ocrx_word' id='word_1_48' title='bbox 1278 676 1471 707; x_wconf 90' lang='lat' dir='ltr'>omnem</span> <span class='ocrx_word' id='word_1_49' title='bbox 1503 658 1637 706; x_wconf 59' lang='lat' dir='ltr'>infirss</span> 
     </span>
     <span class='ocr_line' id='line_1_8' title="bbox 223 735 1637 801; baseline 0.001 -20"><span class='ocrx_word' id='word_1_50' title='bbox 223 736 436 782; x_wconf 75' lang='lat' dir='ltr'>mitatem</span> <span class='ocrx_word' id='word_1_51' title='bbox 457 745 693 782; x_wconf 84' lang='lat' dir='ltr'>curarent.</span> <span class='ocrx_word' id='word_1_52' title='bbox 718 735 926 791; x_wconf 72' lang='lat' dir='ltr'>Fames,</span> <span class='ocrx_word' id='word_1_53' title='bbox 951 735 1123 800; x_wconf 88' lang='lat' dir='ltr'>inquit,</span> <span class='ocrx_word' id='word_1_54' title='bbox 1148 736 1445 801; x_wconf 77' lang='lat' dir='ltr'>proedicate‚</span> <span class='ocrx_word' id='word_1_55' title='bbox 1465 736 1637 784; x_wconf 81' lang='lat' dir='ltr'>dicen-</span> 
     </span>
     <span class='ocr_line' id='line_1_9' title="bbox 227 814 1639 881; baseline 0.002 -21"><span class='ocrx_word' id='word_1_56' title='bbox 227 826 292 860; x_wconf 83' lang='lat' dir='ltr'>tes</span> <span class='ocrx_word' id='word_1_57' title='bbox 325 815 442 878; x_wconf 80' lang='lat' dir='ltr'>quia</span> <span class='ocrx_word' id='word_1_58' title='bbox 478 814 891 880; x_wconf 76' lang='lat' dir='ltr'><em>appropinquabit</em></span> <span class='ocrx_word' id='word_1_59' title='bbox 920 832 1114 879; x_wconf 78' lang='lat' dir='ltr'>regnum</span> <span class='ocrx_word' id='word_1_60' title='bbox 1141 815 1386 861; x_wconf 78' lang='lat' dir='ltr'>coelorum.</span> <span class='ocrx_word' id='word_1_61' title='bbox 1414 815 1639 881; x_wconf 82' lang='lat' dir='ltr'>Infirmos</span> 
     </span>
     <span class='ocr_line' id='line_1_10' title="bbox 224 891 1640 956; baseline 0.001 -19"><span class='ocrx_word' id='word_1_62' title='bbox 224 901 413 949; x_wconf 77' lang='lat' dir='ltr'>curate,</span> <span class='ocrx_word' id='word_1_63' title='bbox 453 902 661 937; x_wconf 77' lang='lat' dir='ltr'>mortuos</span> <span class='ocrx_word' id='word_1_64' title='bbox 697 891 924 936; x_wconf 76' lang='lat' dir='ltr'>suscitale</span> <span class='ocrx_word' id='word_1_65' title='bbox 934 929 949 949; x_wconf 84' lang='lat'><em>,</em></span> <span class='ocrx_word' id='word_1_66' title='bbox 991 891 1200 956; x_wconf 77' lang='lat' dir='ltr'>leprosos</span> <span class='ocrx_word' id='word_1_67' title='bbox 1235 892 1488 951; x_wconf 74' lang='lat' dir='ltr'>mundate,</span> <span class='ocrx_word' id='word_1_68' title='bbox 1528 891 1640 939; x_wconf 80' lang='lat' dir='ltr'>dae-</span> 
     </span>
     <span class='ocr_line' id='line_1_11' title="bbox 227 968 1650 1033; baseline 0.002 -20"><span class='ocrx_word' id='word_1_69' title='bbox 227 986 387 1015; x_wconf 79' lang='lat' dir='ltr'>mones</span> <span class='ocrx_word' id='word_1_70' title='bbox 411 969 586 1033; x_wconf 65' lang='lat' dir='ltr'>ejicite.</span> <span class='ocrx_word' id='word_1_71' title='bbox 634 968 799 1014; x_wconf 70' lang='lat' dir='ltr'>Gratis</span> <span class='ocrx_word' id='word_1_72' title='bbox 826 969 1104 1033; x_wconf 75' lang='lat' dir='ltr'>accepistis,</span> <span class='ocrx_word' id='word_1_73' title='bbox 1129 970 1283 1033; x_wconf 75' lang='lat' dir='ltr'>gratis</span> <span class='ocrx_word' id='word_1_74' title='bbox 1308 969 1437 1015; x_wconf 84' lang='lat' dir='ltr'>date.</span> <span class='ocrx_word' id='word_1_75' title='bbox 1476 969 1650 1022; x_wconf 70' lang='lat' dir='ltr'>Nolite,</span> 
     </span>
     <span class='ocr_line' id='line_1_12' title="bbox 218 1047 1640 1113; baseline 0 -21"><span class='ocrx_word' id='word_1_76' title='bbox 218 1047 471 1113; x_wconf 78' lang='lat' dir='ltr'>possidere</span> <span class='ocrx_word' id='word_1_77' title='bbox 494 1064 666 1092; x_wconf 71' lang='lat' dir='ltr'>aarum</span> <span class='ocrx_word' id='word_1_78' title='bbox 681 1083 695 1102; x_wconf 89' lang='lat'><em>‚</em></span> <span class='ocrx_word' id='word_1_79' title='bbox 728 1064 879 1110; x_wconf 78' lang='lat' dir='ltr'>neque</span> <span class='ocrx_word' id='word_1_80' title='bbox 905 1057 1156 1110; x_wconf 77' lang='lat' dir='ltr'>argentum</span> <span class='ocrx_word' id='word_1_81' title='bbox 1167 1082 1183 1103; x_wconf 83' lang='lat'><em>,</em></span> <span class='ocrx_word' id='word_1_82' title='bbox 1211 1064 1362 1111; x_wconf 79' lang='lat' dir='ltr'>neque</span> <span class='ocrx_word' id='word_1_83' title='bbox 1378 1049 1640 1113; x_wconf 70' lang='lat' dir='ltr'>pecuniam</span> 
     </span>
     <span class='ocr_line' id='line_1_13' title="bbox 228 1124 1641 1187; baseline 0.001 -19"><span class='ocrx_word' id='word_1_84' title='bbox 228 1125 274 1169; x_wconf 80' lang='lat' dir='ltr'>in</span> <span class='ocrx_word' id='word_1_85' title='bbox 298 1124 428 1169; x_wconf 80' lang='lat' dir='ltr'>zonis</span> <span class='ocrx_word' id='word_1_86' title='bbox 452 1124 652 1177; x_wconf 78' lang='lat' dir='ltr'>veslrz&#39;s,·</span> <span class='ocrx_word' id='word_1_87' title='bbox 675 1140 771 1168; x_wconf 81' lang='lat' dir='ltr'>non</span> <span class='ocrx_word' id='word_1_88' title='bbox 784 1140 959 1187; x_wconf 80' lang='lat' dir='ltr'>peram</span> <span class='ocrx_word' id='word_1_89' title='bbox 983 1125 1032 1168; x_wconf 83' lang='lat' dir='ltr'>in</span> <span class='ocrx_word' id='word_1_90' title='bbox 1050 1124 1133 1168; x_wconf 77' lang='grc' dir='ltr'>υιά</span> <span class='ocrx_word' id='word_1_91' title='bbox 1143 1161 1159 1181; x_wconf 82' lang='lat'><em>,</em></span> <span class='ocrx_word' id='word_1_92' title='bbox 1187 1141 1338 1187; x_wconf 76' lang='lat' dir='ltr'>neque</span> <span class='ocrx_word' id='word_1_93' title='bbox 1363 1124 1488 1170; x_wconf 77' lang='lat' dir='ltr'>(luas</span> <span class='ocrx_word' id='word_1_94' title='bbox 1511 1125 1641 1170; x_wconf 81' lang='lat' dir='ltr'>tuni-</span> 
     </span>
     <span class='ocr_line' id='line_1_14' title="bbox 226 1197 1642 1267; baseline 0.001 -20"><span class='ocrx_word' id='word_1_95' title='bbox 226 1220 327 1258; x_wconf 77' lang='lat' dir='ltr'>cas,</span> <span class='ocrx_word' id='word_1_96' title='bbox 350 1219 502 1265; x_wconf 78' lang='lat' dir='ltr'>neque</span> <span class='ocrx_word' id='word_1_97' title='bbox 518 1200 865 1257; x_wconf 76' lang='lat' dir='ltr'>calceamenta,</span> <span class='ocrx_word' id='word_1_98' title='bbox 883 1218 1034 1264; x_wconf 74' lang='lat' dir='ltr'>neque</span> <span class='ocrx_word' id='word_1_99' title='bbox 1048 1202 1238 1265; x_wconf 75' lang='lat' dir='ltr'>virgam</span> <span class='ocrx_word' id='word_1_100' title='bbox 1251 1202 1271 1265; x_wconf 82' lang='grc'>&lt;</span> <span class='ocrx_word' id='word_1_101' title='bbox 1282 1221 1295 1246; x_wconf 94' lang='lat'>1</span> <span class='ocrx_word' id='word_1_102' title='bbox 1307 1202 1344 1265; x_wconf 84' lang='grc'>&gt;.</span> <span class='ocrx_word' id='word_1_103' title='bbox 1360 1201 1511 1248; x_wconf 87' lang='lat' dir='ltr'>Multa</span> <span class='ocrx_word' id='word_1_104' title='bbox 1525 1197 1642 1267; x_wconf 82' lang='lat' dir='ltr'>quo-</span> 
     </span>
     <span class='ocr_line' id='line_1_15' title="bbox 226 1277 1638 1344; baseline 0.001 -20"><span class='ocrx_word' id='word_1_105' title='bbox 226 1296 319 1343; x_wconf 84' lang='lat' dir='ltr'>que</span> <span class='ocrx_word' id='word_1_106' title='bbox 334 1279 419 1325; x_wconf 90' lang='lat' dir='ltr'>alia</span> <span class='ocrx_word' id='word_1_107' title='bbox 435 1279 641 1325; x_wconf 86' lang='lat' dir='ltr'>eoelestis</span> <span class='ocrx_word' id='word_1_108' title='bbox 657 1279 877 1344; x_wconf 79' lang='lat' dir='ltr'>magister</span> <span class='ocrx_word' id='word_1_109' title='bbox 893 1277 1196 1326; x_wconf 72' lang='lat' dir='ltr'>saluberrima</span> <span class='ocrx_word' id='word_1_110' title='bbox 1212 1279 1413 1343; x_wconf 83' lang='lat' dir='ltr'>protulit</span> <span class='ocrx_word' id='word_1_111' title='bbox 1431 1279 1638 1337; x_wconf 85' lang='lat' dir='ltr'>monita,</span> 
     </span>
     <span class='ocr_line' id='line_1_16' title="bbox 226 1357 1640 1422; baseline 0.001 -20"><span class='ocrx_word' id='word_1_112' title='bbox 226 1375 333 1421; x_wconf 80' lang='lat' dir='ltr'>quae</span> <span class='ocrx_word' id='word_1_113' title='bbox 374 1375 557 1404; x_wconf 77' lang='lat' dir='ltr'>veraces</span> <span class='ocrx_word' id='word_1_114' title='bbox 605 1359 700 1420; x_wconf 87' lang='lat' dir='ltr'>ejus</span> <span class='ocrx_word' id='word_1_115' title='bbox 751 1358 1010 1422; x_wconf 82' lang='lat' dir='ltr'>symmistae</span> <span class='ocrx_word' id='word_1_116' title='bbox 1028 1393 1042 1416; x_wconf 89' lang='lat'>‚</span> <span class='ocrx_word' id='word_1_117' title='bbox 1083 1357 1334 1405; x_wconf 90' lang='lat' dir='ltr'>Matthaeus</span> <span class='ocrx_word' id='word_1_118' title='bbox 1372 1367 1419 1405; x_wconf 88' lang='lat' dir='ltr'>et</span> <span class='ocrx_word' id='word_1_119' title='bbox 1461 1358 1608 1405; x_wconf 82' lang='lat' dir='ltr'>Lucas</span> <span class='ocrx_word' id='word_1_120' title='bbox 1626 1393 1640 1416; x_wconf 85' lang='lat'>,</span> 
     </span>
     <span class='ocr_line' id='line_1_17' title="bbox 227 1435 1181 1499; baseline 0.001 -18"><span class='ocrx_word' id='word_1_121' title='bbox 227 1436 413 1499; x_wconf 84' lang='lat' dir='ltr'>scriptis</span> <span class='ocrx_word' id='word_1_122' title='bbox 439 1436 684 1481; x_wconf 86' lang='lat' dir='ltr'>memoriae</span> <span class='ocrx_word' id='word_1_123' title='bbox 709 1435 1181 1483; x_wconf 84' lang='lat' dir='ltr'>commendaverunt.</span> 
     </span>
    </p>

    <p class='ocr_par' dir='ltr' id='par_1_4' title="bbox 227 1511 1645 2503">
     <span class='ocr_line' id='line_1_18' title="bbox 296 1511 1639 1578; baseline -0.001 -18"><span class='ocrx_word' id='word_1_124' title='bbox 296 1512 398 1560; x_wconf 87' lang='lat' dir='ltr'>Ibat</span> <span class='ocrx_word' id='word_1_125' title='bbox 411 1514 541 1561; x_wconf 88' lang='lat' dir='ltr'>Jesus</span> <span class='ocrx_word' id='word_1_126' title='bbox 563 1514 609 1559; x_wconf 94' lang='lat' dir='ltr'>in</span> <span class='ocrx_word' id='word_1_127' title='bbox 628 1514 869 1561; x_wconf 73' lang='lat' dir='ltr'>civitatem</span> <span class='ocrx_word' id='word_1_128' title='bbox 881 1514 1115 1571; x_wconf 77' lang='lat' dir='ltr'>Galilaeae,</span> <span class='ocrx_word' id='word_1_129' title='bbox 1137 1531 1244 1578; x_wconf 81' lang='lat' dir='ltr'>quae</span> <span class='ocrx_word' id='word_1_130' title='bbox 1262 1523 1460 1560; x_wconf 85' lang='lat' dir='ltr'>vocatur</span> <span class='ocrx_word' id='word_1_131' title='bbox 1477 1511 1639 1570; x_wconf 88' lang='lat' dir='ltr'>Naim,</span> 
     </span>
     <span class='ocr_line' id='line_1_19' title="bbox 228 1588 1645 1654; baseline -0.001 -18"><span class='ocrx_word' id='word_1_132' title='bbox 228 1608 338 1654; x_wconf 78' lang='lat' dir='ltr'>quae</span> <span class='ocrx_word' id='word_1_133' title='bbox 361 1591 410 1636; x_wconf 89' lang='lat' dir='ltr'>in</span> <span class='ocrx_word' id='word_1_134' title='bbox 433 1589 640 1637; x_wconf 88' lang='lat' dir='ltr'>secundo</span> <span class='ocrx_word' id='word_1_135' title='bbox 669 1591 874 1638; x_wconf 86' lang='lat' dir='ltr'>miliario</span> <span class='ocrx_word' id='word_1_136' title='bbox 898 1590 1093 1638; x_wconf 82' lang='lat' dir='ltr'>Thabor</span> <span class='ocrx_word' id='word_1_137' title='bbox 1116 1590 1294 1637; x_wconf 89' lang='lat' dir='ltr'>montis</span> <span class='ocrx_word' id='word_1_138' title='bbox 1315 1600 1481 1637; x_wconf 85' lang='lat' dir='ltr'>contra</span> <span class='ocrx_word' id='word_1_139' title='bbox 1505 1588 1645 1636; x_wconf 85' lang='lat' dir='ltr'>meri-</span> 
     </span>
     <span class='ocr_line' id='line_1_20' title="bbox 227 1666 1645 1732; baseline -0.001 -18"><span class='ocrx_word' id='word_1_140' title='bbox 227 1668 352 1715; x_wconf 86' lang='lat' dir='ltr'>diem</span> <span class='ocrx_word' id='word_1_141' title='bbox 372 1671 504 1732; x_wconf 81' lang='lat' dir='ltr'>juxta</span> <span class='ocrx_word' id='word_1_142' title='bbox 527 1669 690 1715; x_wconf 83' lang='lat' dir='ltr'>Endor</span> <span class='ocrx_word' id='word_1_143' title='bbox 709 1669 794 1714; x_wconf 89' lang='lat' dir='ltr'>sita</span> <span class='ocrx_word' id='word_1_144' title='bbox 820 1679 905 1715; x_wconf 82' lang='lat' dir='ltr'>est.</span> <span class='ocrx_word' id='word_1_145' title='bbox 928 1670 1053 1714; x_wconf 91' lang='lat' dir='ltr'>Dum</span> <span class='ocrx_word' id='word_1_146' title='bbox 1070 1678 1224 1732; x_wconf 86' lang='lat' dir='ltr'>portae</span> <span class='ocrx_word' id='word_1_147' title='bbox 1243 1666 1375 1714; x_wconf 88' lang='lat' dir='ltr'>urbis</span> <span class='ocrx_word' id='word_1_148' title='bbox 1390 1666 1645 1732; x_wconf 84' lang='lat' dir='ltr'>appropin-</span> 
     </span>
     <span class='ocr_line' id='line_1_21' title="bbox 228 1743 1645 1811; baseline -0.001 -19"><span class='ocrx_word' id='word_1_149' title='bbox 228 1757 395 1810; x_wconf 84' lang='lat' dir='ltr'>quaret</span> <span class='ocrx_word' id='word_1_150' title='bbox 420 1764 528 1792; x_wconf 89' lang='lat' dir='ltr'>cum</span> <span class='ocrx_word' id='word_1_151' title='bbox 559 1747 751 1810; x_wconf 89' lang='lat' dir='ltr'>copioso</span> <span class='ocrx_word' id='word_1_152' title='bbox 779 1747 989 1811; x_wconf 78' lang='lat' dir='ltr'>agmine,</span> <span class='ocrx_word' id='word_1_153' title='bbox 1015 1745 1144 1811; x_wconf 86' lang='lat' dir='ltr'>quod</span> <span class='ocrx_word' id='word_1_154' title='bbox 1169 1743 1510 1802; x_wconf 86' lang='lat' dir='ltr'>comitabatur;</span> <span class='ocrx_word' id='word_1_155' title='bbox 1539 1760 1645 1791; x_wconf 89' lang='lat' dir='ltr'>ecce</span> 
     </span>
     <span class='ocr_line' id='line_1_22' title="bbox 227 1820 1645 1889; baseline -0.001 -20"><span class='ocrx_word' id='word_1_156' title='bbox 227 1823 674 1889; x_wconf 82' lang='lat' dir='ltr'>defunetusjuvenis</span> <span class='ocrx_word' id='word_1_157' title='bbox 689 1825 856 1870; x_wconf 85' lang='lat' dir='ltr'>unicus</span> <span class='ocrx_word' id='word_1_158' title='bbox 869 1824 1023 1870; x_wconf 65' lang='lat' dir='ltr'>viduae</span> <span class='ocrx_word' id='word_1_159' title='bbox 1039 1823 1162 1870; x_wconf 87' lang='lat' dir='ltr'>filius</span> <span class='ocrx_word' id='word_1_160' title='bbox 1176 1820 1474 1870; x_wconf 85' lang='lat' dir='ltr'>efferebatur.</span> <span class='ocrx_word' id='word_1_161' title='bbox 1491 1821 1645 1882; x_wconf 84' lang='lat' dir='ltr'>Quam</span> 
     </span>
     <span class='ocr_line' id='line_1_23' title="bbox 230 1899 1644 1958; baseline -0.003 -10"><span class='ocrx_word' id='word_1_162' title='bbox 230 1919 337 1948; x_wconf 88' lang='lat' dir='ltr'>cum</span> <span class='ocrx_word' id='word_1_163' title='bbox 354 1903 586 1949; x_wconf 80' lang='lat' dir='ltr'>Dominus</span> <span class='ocrx_word' id='word_1_164' title='bbox 606 1902 800 1949; x_wconf 78' lang='lat' dir='ltr'>{lentem</span> <span class='ocrx_word' id='word_1_165' title='bbox 818 1902 1007 1948; x_wconf 70' lang='lat' dir='ltr'>vidisset</span> <span class='ocrx_word' id='word_1_166' title='bbox 1020 1937 1033 1958; x_wconf 89' lang='lat'><em>‚</em></span> <span class='ocrx_word' id='word_1_167' title='bbox 1050 1899 1370 1948; x_wconf 83' lang='lat' dir='ltr'>misericordia</span> <span class='ocrx_word' id='word_1_168' title='bbox 1391 1908 1549 1946; x_wconf 89' lang='lat' dir='ltr'>motus</span> <span class='ocrx_word' id='word_1_169' title='bbox 1566 1915 1644 1945; x_wconf 92' lang='lat' dir='ltr'>su-</span> 
     </span>
     <span class='ocr_line' id='line_1_24' title="bbox 228 1976 1641 2044; baseline -0.002 -19"><span class='ocrx_word' id='word_1_170' title='bbox 228 1998 313 2043; x_wconf 85' lang='lat' dir='ltr'>per</span> <span class='ocrx_word' id='word_1_171' title='bbox 332 1980 458 2026; x_wconf 84' lang='lat' dir='ltr'>illam</span> <span class='ocrx_word' id='word_1_172' title='bbox 473 2016 487 2038; x_wconf 86' lang='lat'><em>‚</em></span> <span class='ocrx_word' id='word_1_173' title='bbox 513 1980 634 2026; x_wconf 81' lang='lat' dir='ltr'>dixit</span> <span class='ocrx_word' id='word_1_174' title='bbox 657 2001 666 2026; x_wconf 90' lang='lat'>:</span> <span class='ocrx_word' id='word_1_175' title='bbox 691 1979 962 2044; x_wconf 77' lang='lat' dir='ltr'>lVoliflere.</span> <span class='ocrx_word' id='word_1_176' title='bbox 986 1979 1158 2043; x_wconf 90' lang='lat' dir='ltr'>Bajulis</span> <span class='ocrx_word' id='word_1_177' title='bbox 1175 1977 1409 2025; x_wconf 86' lang='lat' dir='ltr'>stantibus</span> <span class='ocrx_word' id='word_1_178' title='bbox 1425 1976 1641 2036; x_wconf 82' lang='lat' dir='ltr'>accessit,</span> 
     </span>
     <span class='ocr_line' id='line_1_25' title="bbox 230 2050 1641 2121; baseline -0.002 -19"><span class='ocrx_word' id='word_1_179' title='bbox 230 2056 441 2102; x_wconf 85' lang='lat' dir='ltr'>loculum</span> <span class='ocrx_word' id='word_1_180' title='bbox 459 2058 614 2121; x_wconf 83' lang='lat' dir='ltr'>tetigit</span> <span class='ocrx_word' id='word_1_181' title='bbox 629 2067 675 2104; x_wconf 86' lang='lat' dir='ltr'>et</span> <span class='ocrx_word' id='word_1_182' title='bbox 691 2058 892 2105; x_wconf 82' lang='lat' dir='ltr'>exanimi</span> <span class='ocrx_word' id='word_1_183' title='bbox 909 2057 1029 2103; x_wconf 83' lang='lat' dir='ltr'>dixit</span> <span class='ocrx_word' id='word_1_184' title='bbox 1047 2077 1057 2102; x_wconf 92' lang='lat'>:</span> <span class='ocrx_word' id='word_1_185' title='bbox 1075 2056 1390 2112; x_wconf 82' lang='lat' dir='ltr'><em>Adolescens,</em></span> <span class='ocrx_word' id='word_1_186' title='bbox 1410 2050 1523 2101; x_wconf 76' lang='lat' dir='ltr'>dico</span> <span class='ocrx_word' id='word_1_187' title='bbox 1538 2053 1641 2110; x_wconf 78' lang='lat' dir='ltr'><em>tibi,</em></span> 
     </span>
     <span class='ocr_line' id='line_1_26' title="bbox 228 2129 1644 2195; baseline 0 -19"><span class='ocrx_word' id='word_1_188' title='bbox 228 2150 388 2195; x_wconf 72' lang='lat' dir='ltr'>surge.</span> <span class='ocrx_word' id='word_1_189' title='bbox 421 2133 554 2179; x_wconf 86' lang='lat' dir='ltr'>Illico</span> <span class='ocrx_word' id='word_1_190' title='bbox 578 2134 773 2189; x_wconf 71' lang='lat' dir='ltr'>revixit,</span> <span class='ocrx_word' id='word_1_191' title='bbox 801 2131 975 2179; x_wconf 78' lang='lat' dir='ltr'>resedit</span> <span class='ocrx_word' id='word_1_192' title='bbox 1002 2142 1049 2179; x_wconf 87' lang='lat' dir='ltr'>et</span> <span class='ocrx_word' id='word_1_193' title='bbox 1076 2131 1206 2195; x_wconf 83' lang='lat' dir='ltr'>loqui</span> <span class='ocrx_word' id='word_1_194' title='bbox 1240 2131 1412 2193; x_wconf 82' lang='lat' dir='ltr'>coepit3</span> <span class='ocrx_word' id='word_1_195' title='bbox 1440 2129 1644 2193; x_wconf 84' lang='lat' dir='ltr'>vitaeque</span> 
     </span>
     <span class='ocr_line' id='line_1_27' title="bbox 231 2207 1643 2270; baseline 0.001 -19"><span class='ocrx_word' id='word_1_196' title='bbox 231 2218 476 2270; x_wconf 73' lang='lat' dir='ltr'>reparator</span> <span class='ocrx_word' id='word_1_197' title='bbox 506 2208 640 2253; x_wconf 90' lang='lat' dir='ltr'>illum</span> <span class='ocrx_word' id='word_1_198' title='bbox 664 2210 802 2254; x_wconf 88' lang='lat' dir='ltr'>matri</span> <span class='ocrx_word' id='word_1_199' title='bbox 837 2225 1003 2254; x_wconf 88' lang='lat' dir='ltr'>sanum</span> <span class='ocrx_word' id='word_1_200' title='bbox 1033 2207 1257 2254; x_wconf 85' lang='lat' dir='ltr'>restituit.</span> <span class='ocrx_word' id='word_1_201' title='bbox 1286 2207 1456 2253; x_wconf 92' lang='lat' dir='ltr'>Timor</span> <span class='ocrx_word' id='word_1_202' title='bbox 1477 2222 1643 2253; x_wconf 85' lang='lat' dir='ltr'>omnes</span> 
     </span>
     <span class='ocr_line' id='line_1_28' title="bbox 232 2281 1641 2333; baseline 0.001 -5"><span class='ocrx_word' id='word_1_203' title='bbox 232 2285 402 2329; x_wconf 68' lang='lat' dir='ltr'>inuasit</span> <span class='ocrx_word' id='word_1_204' title='bbox 426 2284 653 2332; x_wconf 69' lang='lat' dir='ltr'>videntes.</span> <span class='ocrx_word' id='word_1_205' title='bbox 682 2286 855 2332; x_wconf 72' lang='lat' dir='ltr'>Divino</span> <span class='ocrx_word' id='word_1_206' title='bbox 881 2295 1001 2332; x_wconf 90' lang='lat' dir='ltr'>nutu</span> <span class='ocrx_word' id='word_1_207' title='bbox 1034 2284 1179 2331; x_wconf 84' lang='lat' dir='ltr'>multa</span> <span class='ocrx_word' id='word_1_208' title='bbox 1207 2285 1467 2332; x_wconf 89' lang='lat' dir='ltr'>Dominum</span> <span class='ocrx_word' id='word_1_209' title='bbox 1500 2281 1641 2333; x_wconf 85' lang='lat' dir='ltr'>turba</span> 
     </span>
     <span class='ocr_line' id='line_1_29' title="bbox 230 2360 1641 2426; baseline 0.003 -20"><span class='ocrx_word' id='word_1_210' title='bbox 230 2360 537 2426; x_wconf 81' lang='lat' dir='ltr'>sequebatur,</span> <span class='ocrx_word' id='word_1_211' title='bbox 565 2362 714 2408; x_wconf 84' lang='lat' dir='ltr'>multa</span> <span class='ocrx_word' id='word_1_212' title='bbox 737 2363 924 2409; x_wconf 78' lang='lat' dir='ltr'>viduam</span> <span class='ocrx_word' id='word_1_213' title='bbox 946 2361 1286 2420; x_wconf 83' lang='lat' dir='ltr'>comitabatur3</span> <span class='ocrx_word' id='word_1_214' title='bbox 1310 2373 1365 2409; x_wconf 87' lang='lat' dir='ltr'>ut</span> <span class='ocrx_word' id='word_1_215' title='bbox 1380 2363 1482 2410; x_wconf 85' lang='lat' dir='ltr'>viso</span> <span class='ocrx_word' id='word_1_216' title='bbox 1506 2371 1641 2410; x_wconf 85' lang='lat' dir='ltr'>tanto</span> 
     </span>
     <span class='ocr_line' id='line_1_30' title="bbox 231 2439 1636 2503; baseline 0 -18"><span class='ocrx_word' id='word_1_217' title='bbox 231 2440 479 2496; x_wconf 86' lang='lat' dir='ltr'>miraculo,</span> <span class='ocrx_word' id='word_1_218' title='bbox 497 2440 634 2486; x_wconf 85' lang='lat' dir='ltr'>multi</span> <span class='ocrx_word' id='word_1_219' title='bbox 659 2451 810 2497; x_wconf 81' lang='lat' dir='ltr'>testes,</span> <span class='ocrx_word' id='word_1_220' title='bbox 827 2441 966 2487; x_wconf 90' lang='lat' dir='ltr'>multi</span> <span class='ocrx_word' id='word_1_221' title='bbox 983 2441 1151 2488; x_wconf 85' lang='lat' dir='ltr'>fierent</span> <span class='ocrx_word' id='word_1_222' title='bbox 1162 2441 1245 2488; x_wconf 91' lang='lat' dir='ltr'>Dei</span> <span class='ocrx_word' id='word_1_223' title='bbox 1263 2439 1527 2488; x_wconf 85' lang='lat' dir='ltr'>laudatores</span> <span class='ocrx_word' id='word_1_224' title='bbox 1543 2439 1636 2503; x_wconf 86' lang='lat'><strong>(2).</strong></span> 
     </span>
    </p>

    <p class='ocr_par' dir='ltr' id='par_1_5' title="bbox 294 2516 1639 2567">
     <span class='ocr_line' id='line_1_31' title="bbox 294 2516 1639 2567; baseline 0 -4"><span class='ocrx_word' id='word_1_225' title='bbox 294 2518 465 2564; x_wconf 87' lang='lat' dir='ltr'>Joanni</span> <span class='ocrx_word' id='word_1_226' title='bbox 506 2519 845 2566; x_wconf 84' lang='lat' dir='ltr'>renuntiantur</span> <span class='ocrx_word' id='word_1_227' title='bbox 879 2520 924 2565; x_wconf 83' lang='lat' dir='ltr'>in</span> <span class='ocrx_word' id='word_1_228' title='bbox 956 2519 1154 2567; x_wconf 88' lang='lat' dir='ltr'>Herodis</span> <span class='ocrx_word' id='word_1_229' title='bbox 1196 2535 1380 2566; x_wconf 86' lang='lat' dir='ltr'>carcere</span> <span class='ocrx_word' id='word_1_230' title='bbox 1417 2516 1639 2565; x_wconf 84' lang='lat' dir='ltr'>miracula</span> 
     </span>
    </p>
   </div>
   <div class='ocr_carea' id='block_1_3' title="bbox 280 2693 1537 2742">
    <p class='ocr_par' dir='ltr' id='par_1_6' title="bbox 280 2693 1537 2742">
     <span class='ocr_line' id='line_1_32' title="bbox 280 2693 1537 2742; baseline -0.001 -14"><span class='ocrx_word' id='word_1_231' title='bbox 280 2697 327 2737; x_wconf 61' lang='grc' dir='ltr'>(ι)</span> <span class='ocrx_word' id='word_1_232' title='bbox 356 2693 683 2737; x_wconf 71' lang='lat' dir='ltr'>Matth.1x,55-x,</span> <span class='ocrx_word' id='word_1_233' title='bbox 713 2708 770 2729; x_wconf 73' lang='lat'>10:</span> <span class='ocrx_word' id='word_1_234' title='bbox 793 2695 900 2729; x_wconf 81' lang='lat' dir='ltr'>Marc.</span> <span class='ocrx_word' id='word_1_235' title='bbox 923 2694 1073 2742; x_wconf 64' lang='lat' dir='ltr'>w1‚G-9.</span> <span class='ocrx_word' id='word_1_236' title='bbox 1097 2695 1537 2741; x_wconf 73' lang='lat' dir='ltr'>-(2)Luc.V11,11-17.</span> 
     </span>
    </p>
   </div>
  </div>
 </body>
</html>
