1738 3043
601 228 754 267 LIBER
784 227 1065 266 SECUNDUS.
1474 231 1553 267 229

120 322 216 358 tem
254 309 470 356 miraculi
513 306 723 354 videntes
757 324 810 352 ac
845 306 1133 354 admirantes
1168 306 1225 353 nd
1265 305 1408 354 fidem
1442 325 1550 371 per-

117 389 272 436 duxit.
312 389 466 452 Joppc
505 403 620 433 vero
656 383 913 431 Tabitham
950 385 1271 433 venerabilem
1305 385 1495 432 viduam
1528 405 1551 432 a

117 478 275 515 morte
312 465 633 521 resuscitavit,
674 481 873 529 eamque
907 465 1081 511 sanctis
1117 483 1169 511 ac
1206 465 1360 512 viduis
1396 465 1552 512 vivam

116 545 388 611 assignavit.
416 543 614 608 Reliqua
647 553 807 589 autem
822 578 836 600 ,
863 560 973 607 quae
1008 542 1134 590 idem
1157 562 1182 589 a
1213 543 1376 591 Judaea
1403 561 1553 609 usquc

118 626 167 672 in
203 622 512 672 Antiochiam
545 621 870 686 perpetravit,
904 632 952 668 et
987 638 1132 687 quam
1166 633 1361 670 strenue
1392 624 1553 670 Simo-

117 719 228 750 nem
254 719 445 766 magum
470 708 744 764 persecutus
768 698 1017 747 multoties
1042 698 1333 764 disputando
1358 718 1554 765 supera-

115 781 212 838 vit,
250 780 468 827 Clemens
503 796 758 836 romanus,
799 778 1095 825 Faustiniani
1134 778 1286 837 filius,
1331 780 1380 826 in
1416 778 1553 827 libris

115 858 524 924 Recognitionum
551 857 847 915 enucleavit;
877 857 1006 905 unde
1031 857 1156 905 idem
1183 858 1315 923 Opus
1345 859 1553 905 Itinera-

114 937 241 983 rium
275 936 403 983 Petri
437 935 725 983 nominavit.
766 936 871 1000 Ipse
908 936 1067 993 enim,
1113 935 1292 983 relictis
1325 934 1552 983 omnihus

113 1032 222 1079 quae
247 1014 416 1061 Romae
443 1012 678 1071 habebat,
705 1013 896 1079 navigio
923 1013 1227 1061 Palaestinam
1251 1013 1418 1078 petiit,
1448 1014 1551 1061 Cae-

112 1110 352 1158 sareaeque
368 1093 608 1140 Stratonis
624 1093 823 1140 Petrum
840 1092 1111 1157 apostolum
1122 1131 1133 1153 ,
1152 1091 1384 1149 Barnaba‚
1408 1110 1553 1158 quem

112 1172 281 1218 Romae
306 1171 547 1234 optimum
572 1169 812 1234 hospitem
842 1180 890 1217 et
921 1170 1130 1217 amicum
1167 1169 1442 1235 benigniter
1476 1169 1553 1216 fo-

111 1259 269 1309 verat,
299 1248 479 1306 indice,
506 1248 715 1305 invenit3
745 1260 791 1296 et
807 1247 867 1295 ab
889 1266 974 1306 eo,
1002 1258 1056 1295 ut
1079 1266 1104 1295 a
1127 1260 1262 1313 patre
1286 1247 1439 1306 filius,
1459 1266 1551 1312 pro

111 1325 367 1374 amborum
398 1325 724 1373 benivolentia
746 1328 816 1391 (1)
845 1326 1052 1374 dulciter
1074 1335 1347 1391 susceptus,
1378 1327 1426 1372 in
1459 1325 1551 1372 fide

113 1404 210 1451 veri
230 1402 486 1468 Prophetae
509 1404 711 1451 solerter
736 1405 1002 1452 instructus
1027 1416 1074 1452 et
1098 1421 1232 1452 sacro
1255 1404 1393 1451 fonte
1411 1421 1548 1452 rena-

115 1493 215 1538 tus,
243 1480 625 1546 inseparabiliter
648 1482 688 1529 ei
716 1492 786 1530 est
814 1482 1065 1547 copulatus
1094 1483 1184 1546 (2).

175 1562 403 1606 Caesareae
433 1558 604 1607 Petrus
641 1576 753 1606 cum
784 1559 982 1608 Simone
1014 1576 1155 1625 mago
1189 1558 1475 1624 disputavit,
1504 1571 1551 1606 ct

109 1655 216 1686 sero
241 1638 438 1685 Simone
461 1656 572 1685 cum
588 1638 721 1685 mille
740 1639 855 1684 viris
872 1637 1105 1695 abeunte,
1127 1638 1340 1703 reliquos
1361 1637 1550 1687 confor-

111 1717 226 1763 tavit
237 1734 252 1775 ς
280 1717 601 1783 invocatoque
634 1717 719 1765 Dei
748 1717 972 1777 nomine,
1006 1717 1329 1765 daemoniacos
1361 1727 1410 1765 et
1440 1716 1548 1764 lan-

108 1806 307 1860 guentes
331 1796 533 1843 sanavit.

176 1875 230 1919 In
270 1873 532 1920 crastinum
572 1874 821 1922 altercatio
856 1876 1022 1922 iterata
1057 1886 1155 1931 est,
1194 1885 1242 1922 et
1277 1874 1548 1939 opitulante

110 1951 211 1997 Deo
235 1950 402 1997 Simon
431 1951 479 1996 in
508 1950 672 1997 multis
698 1952 853 1998 victus
879 1962 967 1999 est..
997 1951 1212 1999 Tandem
1242 1969 1349 1999 sero
1374 1950 1548 1998 confu—

110 2047 211 2087 sus,
236 2046 346 2075 cum
368 2029 531 2093 paucis
562 2047 772 2091 egressus
797 2040 890 2087 est,
919 2039 966 2076 et
992 2029 1198 2093 populus
1219 2028 1426 2094 gaudens
1452 2030 1544 2075 Pe-

112 2117 191 2154 tro
228 2118 498 2171 prostratus
531 2117 627 2164 est;
669 2109 801 2172 cujus
837 2107 1140 2156 orationibus
1175 2107 1459 2155 daemoniosi
1499 2117 1546 2154 et

111 2185 321 2252 languidi
347 2186 498 2232 curati
523 2197 661 2243 sunt,
688 2196 735 2234 et
759 2186 1015 2252 gaudentes
1039 2186 1171 2252 quasi
1194 2186 1293 2233 veri
1319 2185 1406 2232 Dei
1433 2184 1545 2232 doc-

114 2264 288 2310 trinam
316 2273 364 2311 et
387 2263 767 2311 misericordiam
792 2264 1037 2312 consecuti
1064 2263 1397 2310 discesserunt.
1427 2263 1544 2308 Ter-

113 2334 173 2387 tia
203 2359 318 2389 vero
344 2341 420 2389 die
448 2342 616 2389 Petrus
651 2342 899 2390 Simonem
927 2341 1340 2389 immortalitatem
1371 2340 1543 2386 animae

156 2512 207 2555 (ι)
233 2510 331 2545 Lisez
355 2526 360 2544 z
385 2510 651 2545 benevolentia.
1154 2554 1157 2557 Δ

157 2573 207 2616 (2)
232 2572 335 2606 Saint
351 2571 521 2607 Cleinent
534 2599 542 2615 ,
563 2570 715 2618 (lisciple
734 2577 770 2604 et
788 2571 972 2605 troisieme
992 2581 1200 2604 successeur
1220 2569 1266 2604 de
1279 2569 1373 2603 saint
1392 2569 1537 2604 Pieri-c.

113 2639 262 2666 mourut
279 2645 324 2666 en
342 2632 412 2667 l'an
437 2645 517 2675 ino,
538 2632 643 2678 apres
661 2644 709 2665 un
731 2630 919 2677 pontificat
938 2629 983 2664 (lc
1002 2629 1093 2664 nens
1107 2642 1184 2664 ans.
1206 2630 1252 2663 Le
1278 2629 1366 2663 livi-v
1385 2628 1448 2661 ‹l‹·s
1468 2629 1534 2662 liu-2

115 2693 332 2735 rognitinnx,
353 2693 415 2740 qui
437 2692 486 2726 lui
508 2700 559 2727 est
586 2691 747 2726 aui-ilum
766 2691 808 2724 ici
833 2703 895 2736 pai·
915 2697 1020 2724 notri*
1035 2696 1177 2731 auteur,
1199 2689 1283 2723 «ituit
1304 2691 1319 2722 'a
1338 2689 1433 2733 juste
1457 2689 1538 2723 titre

116 2748 228 2793 rojetd
241 2761 381 2787 comme
399 2753 608 2800 apociyplic
628 2752 690 2786 des
710 2751 876 2797 l‘cpoqnc
896 2749 940 2784 dc
961 2750 1052 2784 saint
1070 2749 1228 2784 Jeronnn
