1738 3043
590 185 743 224 LIBER
771 184 1052 225 SECUNDUS.
1458 193 1535 234 415

113 261 533 313 co‘mmunicabant
556 282 611 312 ex
648 266 822 312 invidia
856 277 948 312 tam
986 265 1267 316 mirabiliter
1301 276 1532 334 persecuti

112 355 250 399 sunt,
278 353 331 389 ut
348 347 486 390 etiam
511 343 894 390 sanctimoniales
918 344 973 391 de
995 347 1291 394 monasteriis
1309 348 1382 395 vel
1403 348 1535 399 habi-

114 420 278 467 taculis
309 421 403 467 suis
437 420 758 485 deponerent,
797 439 1054 487 sexumque
1087 422 1347 473 femineum
1379 427 1535 476 denu-

109 497 280 545 darent
311 508 358 545 et
394 497 603 545 caedibus
634 498 879 563 plagarum
915 500 1172 565 affligentes
1203 503 1529 555 vulnerarent.

110 575 166 621 In
190 575 341 622 media
361 574 478 622 urbe
504 585 669 623 contra
695 575 949 624 Ecclesiam
975 578 1189 642 quotidie
1212 581 1531 646 pugnabatur,

109 663 157 700 et
178 654 319 700 multi
341 653 603 702 sacerdotes
629 653 806 718 aliique
827 653 984 701 fideles
1011 656 1377 717 occidebantur;
1407 662 1533 709 inter

108 749 229 797 quos
247 733 558 797 Dignissimus
578 742 624 778 et
648 732 918 780 Gordianus
943 734 1209 800 presbyteri
1238 739 1360 802 capti
1388 752 1527 799 sunt,

107 820 156 857 et
169 810 373 857 fustibus
384 810 652 876 gladioque,
668 811 841 876 aliique
856 811 1014 876 plures
1027 812 1282 861 Christiani
1298 821 1530 883 perempti

106 900 235 935 sunt.
263 888 432 935 Nullus
460 888 618 954 itaque
637 887 694 935 de
719 889 846 936 clero
874 889 949 937 die
973 890 1046 937 vel
1070 903 1211 938 nocte
1238 893 1284 939 in
1314 893 1429 943 urbe
1457 914 1534 944 se—

107 983 250 1013 curus
273 977 389 1013 erat.
409 967 546 1014 Solus
565 967 760 1013 Faustus
780 967 1005 1014 exconsul
1023 986 1112 1032 pro
1133 969 1338 1017 Ecclesia
1359 990 1533 1038 pugna-

105 1043 205 1091 bat.
229 1045 542 1110 Symmachus
562 1055 717 1092 tamen
737 1045 1012 1110 perduravit
1032 1065 1054 1092 a
1075 1048 1324 1096 consulatu
1345 1051 1530 1098 Paulini

105 1139 256 1189 usque
279 1124 335 1170 ad
356 1124 659 1171 consulatum
684 1124 939 1172 senatoris.
961 1125 1048 1172 Hic
1072 1126 1383 1186 Manichaeos,
1411 1148 1531 1195 quos

106 1201 157 1247 in
199 1200 318 1248 urhe
358 1203 508 1249 Roma
552 1202 762 1258 invenit,
804 1201 946 1249 exilio
982 1203 1235 1268 relegavit,
1279 1217 1326 1252 et
1361 1224 1530 1254 eorum

105 1278 351 1326 simulacra
391 1278 668 1344 codicesque
703 1289 811 1325 aute
843 1278 971 1326 fores
1009 1279 1213 1327 basilieae
1250 1281 1530 1330 Constanti-

104 1357 262 1404 nianae
308 1357 585 1404 combussit.
637 1357 852 1403 Basilicas
900 1357 1186 1406 Sanctorum
1231 1360 1530 1409 multimodis

103 1435 400 1482 ornamentis
439 1435 681 1483 decoravit
723 1444 770 1481 et
807 1435 1052 1499 episcopos
1093 1453 1224 1484 exvn
1268 1438 1524 1505 ordina-vit.

103 1513 366 1562 Constituit
397 1525 450 1562 ut
480 1515 613 1562 omni
645 1514 719 1561 die
749 1513 993 1562 dominico
1019 1514 1225 1581 hymnus
1250 1518 1529 1582 angelorum

103 1603 371 1640 caneretur.
398 1593 541 1666 Omni
571 1610 699 1640 anno
724 1609 808 1656 per
828 1591 1039 1639 Africam
1061 1603 1107 1640 et
1133 1593 1398 1642 Sardiniam
1425 1597 1530 1662 epi-

102 1671 257 1734 scopis
289 1672 371 1736 qui
409 1673 456 1718 in
494 1671 637 1718 exilio
667 1671 839 1717 retrusi
880 1682 1016 1718 erant
1045 1673 1268 1736 pecunias
1298 1685 1346 1720 et
1380 1685 1528 1723 vestes

101 1747 424 1795 ministrabat.
464 1747 688 1812 Captivos
732 1765 817 1812 per
862 1748 1073 1812 Ligurias
1112 1760 1160 1795 et
1200 1767 1285 1813 per
1322 1749 1526 1799 diversas

101 1827 371 1892 provincias
389 1827 600 1892 pecuniis
619 1825 847 1884 redemit,
873 1835 921 1872 et
947 1827 1106 1889 egenis
1130 1827 1280 1874 multa
1303 1828 1426 1875 dona
1451 1828 1528 1877 de-

101 1903 190 1951 dit.
219 1905 330 1951 Post
362 1904 511 1950 multa
539 1902 663 1950 bona
689 1919 832 1967 opera
863 1901 950 1949 sub
981 1902 1057 1950 die
1087 1913 1187 1949 x1x⁰
1215 1905 1390 1951 mensis
1417 1906 1524 1969 julii

104 1982 315 2047 sepultus
339 1992 407 2028 est
427 1982 474 2028 in
500 1979 687 2027 basilica
708 1980 867 2027 Sancti
895 1980 1047 2035 Petri,
1075 1991 1122 2027 et
1141 1982 1335 2028 cessavit
1353 1983 1526 2047 episco-

102 2070 240 2125 patus
265 2059 431 2107 diebus
455 2076 523 2106 v11
550 2059 644 2124 (1).

151 2227 202 2271 (ι)
227 2226 285 2270 (2¹2
307 2224 502 2260 novembre
520 2224 787 2271 498-19juillet
803 2223 903 2269 514.)
918 2223 1166 2259 L'ordination
1186 2224 1232 2260 (le
1251 2225 1472 2275 Symmaq‘ue
1489 2236 1526 2264 et

104 2283 194 2319 celle
214 2283 259 2319 de
284 2296 348 2318 son
367 2284 615 2330 competiteur
634 2284 812 2325 Laui-ent,
839 2283 901 2330 qui
921 2283 975 2317 sut
998 2283 1127 2330 depuis
1144 2284 1280 2332 eve—que
1299 2284 1344 2320 de
1363 2286 1523 2331 Nocere,

104 2345 246 2380 avaient
266 2357 312 2378 eu
339 2343 410 2378 lieu
437 2343 469 2378 le
495 2342 612 2378 nieme
633 2342 731 2388 jour.
759 2344 806 2377 Le
832 2341 963 2377 second
990 2343 1145 2377 schisme
1173 2343 1288 2390 par-ait
1307 2345 1405 2379 avoir
1423 2358 1525 2380 com-

104 2407 234 2440 mence
252 2404 315 2439 des
332 2407 409 2452 499.
431 2405 477 2438 La
493 2403 661 2438 domii-r«-
679 2406 806 2438 seance
824 2403 873 2437 du
892 2403 1051 2446 concile,
1068 2404 1132 2451 qui
1152 2404 1326 2440 confirma
1342 2405 1524 2441 l'election

104 2462 151 2500 de
164 2464 401 2512 Symmaque,
423 2464 539 2498 arm-a
558 2462 590 2498 le
607 2461 652 2498 23
671 2463 820 2498 octobre
837 2463 919 2506 501,
939 2470 977 2498 et
990 2463 1259 2511 sonjugement
1274 2464 1330 2499 sut
1348 2466 1521 2507 souscrit,

106 2537 181 2560 non
200 2538 265 2573 par
288 2532 371 2560 cent
390 2525 543 2573 quium,
573 2524 661 2558 mais
687 2536 752 2570 par
771 2524 1044 2558 soixante-seim
1067 2524 1235 2572 eveques.
1258 2525 1323 2559 Les
1347 2525 1524 2561 violi-noes

107 2590 143 2619 et
161 2584 213 2619 les
230 2584 413 2620 scandales
431 2583 586 2631 signate-s
605 2596 669 2630 par
684 2590 788 2617 notre
813 2590 944 2617 auteur
960 2583 1240 2630 appan-tienneut
1259 2596 1327 2618 aux
1348 2584 1524 2630 premiers

106 2644 211 2690 jours
236 2644 282 2680 de
300 2645 506 2693 septembre
527 2644 734 2692 precs-(lent.
760 2644 999 2679 L'iudication
1019 2643 1081 2679 des
1099 2643 1194 2679 deux
1215 2643 1395 2679 consul-its
1419 2653 1525 2680 entre

108 2703 263 2750 lesquels
282 2704 339 2740 sut
359 2707 540 2741 rensernu':
556 2705 586 2739 1«-
607 2705 790 2751 pontificat
807 2704 906 2743 (ΙΨ-ο
926 2716 1016 2751 pape
1038 2711 1091 2737 est
1113 2704 1184 2739 sort
1204 2704 1321 2749 justo,
1342 2712 1377 2739 et
1395 2705 1427 2739 la
1446 2705 1524 2751 plu-
