1738 3043
630 275 780 314 LIBER
813 275 1018 313 PRIMUS.
1464 277 1536 312 165»

117 366 272 412 verat,
299 374 439 420 super
458 356 730 402 universum
750 355 890 402 etiam
910 373 1099 419 gregem
1118 354 1290 401 Christi
1315 371 1436 420 pene
1454 372 1538 419 per

119 444 268 481 totam
284 434 546 480 Britanniae
564 433 765 479 insulam
781 432 1036 479 admodum
1055 432 1337 479 debacchata
1352 432 1504 480 fuerat
1523 453 1534 488 ;

117 523 165 560 et
204 513 343 559 sacris
378 511 558 559 aedibus
597 511 849 558 destructis
867 547 879 568 ‚
918 511 1179 559 dominicas
1224 529 1333 559 oves
1371 512 1539 576 lupino

118 609 252 639 more
277 591 557 647 laniaverat,
583 607 665 637 seu
683 588 965 654 disperserat
986 589 1005 652 <
1016 590 1079 652 ι).

190 667 487 733 Nicephorus
525 667 809 731 imperator,
858 683 887 712 x
929 667 1083 713 annis.
1126 666 1446 715 Turbationes
1489 669 1539 714 in

117 746 299 793 mundo
324 746 487 792 nimiae
511 745 792 800 saevierunt,
820 744 1039 810 avidique
1058 761 1279 808 proceres
1299 762 1407 791 cum
1434 745 1539 791 sub-

109 825 247 889 jectis
288 823 575 872 exercitibus
610 833 776 872 contra
812 841 945 888 pares
981 824 1029 869 in
1066 822 1196 871 bello
1233 840 1540 871 consurrexe-

116 913 232 951 runt
251 903 344 967 (2).

179 980 384 1028 Joannes
396 1016 410 1038 ,
431 981 588 1027 occiso
607 979 883 1043 Nicephoro
901 1015 913 1036 ,
937 996 1022 1044 per
1042 996 1243 1026 uxorem
1261 981 1358 1043 ejus
1376 996 1540 1043 regna-

115 1059 185 1105 vit
198 1095 210 1116 ,
240 1061 371 1124 cujus
387 1060 542 1124 neptis
559 1058 857 1124 Theophanu
874 1058 1043 1106 Ottoni
1061 1059 1335 1123 imperatori
1354 1058 1534 1121 nupsit.

116 1136 301 1197 Quinto
335 1138 522 1202 imperii
553 1139 651 1202 ejus
681 1155 809 1184 anno
838 1137 955 1184 Otto
978 1138 1140 1184 minor
1162 1136 1309 1194 obiit,
1342 1147 1391 1183 et
1422 1136 1538 1184 Otto

116 1213 240 1261 filius
267 1217 364 1279 ejus
391 1225 501 1278 post
524 1232 633 1262 eum
663 1215 944 1261 xvl11annis
970 1215 1203 1279 regnavit.
1233 1215 1371 1260 Tunc
1400 1214 1539 1278 Ilugo

114 1293 315 1359 Magnus
346 1293 519 1359 aliique
548 1310 770 1358 proceres
806 1294 1102 1340 Francorum
1131 1303 1298 1341 contra
1333 1291 1540 1339 Ludovi-

116 1389 225 1419 cum
243 1389 404 1437 regem
427 1371 796 1420 rebellaverunt.
825 1372 1055 1418 Praefatus
1079 1373 1257 1437 quippe
1275 1371 1373 1418 dux
1395 1372 1539 1418 vesti-

114 1451 186 1515 gia
203 1448 431 1497 Rodberti
449 1450 595 1513 patris
611 1450 681 1496 sui
701 1459 887 1496 secutus
904 1459 997 1505 est,
1019 1450 1098 1514 qui
1121 1459 1289 1496 contra
1305 1448 1538 1495 Karolum

115 1528 390 1593 Simplicem
425 1527 697 1585 rebellavit,
733 1537 779 1575 et
805 1528 854 1574 in
879 1545 1041 1593 regem
1064 1538 1238 1574 unctus
1273 1538 1358 1575 est.
1387 1529 1539 1575 Porro

115 1606 318 1654 Karolus
346 1624 457 1663 rex,
492 1617 545 1652 ut
571 1623 617 1653 se
648 1623 671 1651 a
695 1607 891 1670 perjuro
922 1605 1040 1653 duce
1066 1615 1399 1669 contemptum
1426 1623 1538 1669 per-

116 1677 294 1749 spexit,
329 1683 706 1732 nondumanno
743 1684 957 1748 expleto,
991 1684 1139 1748 copiis
1169 1683 1381 1748 undique
1417 1700 1541 1730 con-

116 1763 279 1809 tractis
312 1763 362 1809 in
393 1761 682 1810 desertorem
716 1762 923 1809 surrexit
944 1798 956 1819 ‚
996 1762 1246 1827 ipsumque
1276 1762 1538 1808 Suessionis

116 1840 374 1907 pugnando
393 1841 510 1887 vicit
535 1851 582 1888 et
606 1840 864 1888 interfecit.

164 2079 215 2122 (1)
241 2078 280 2121 (2
297 2076 419 2123 juillet
444 2076 581 2124 965-ιο
604 2077 797 2112 decembre
821 2076 926 2124 969.)
949 2076 1046 2110 Dans
1071 2088 1121 2110 un
1150 2075 1256 2111 siecle
1283 2076 1311 2109 si
1339 2075 1468 2110 second
1495 2089 1539 2110 en

118 2136 304 2172 discordes
321 2144 357 2172 et
382 2150 427 2172 en
446 2137 646 2181 calamites,
670 2136 694 2171 il
718 2137 827 2171 serait
845 2135 990 2172 difficile
1016 2136 1060 2170 de
1086 2135 1313 2171 reconnaitrc
1337 2135 1387 2170 les
1410 2138 1538 2170 evene-

119 2200 237 2230 ments
255 2195 428 2244 auxquels
452 2203 558 2231 notre
576 2203 706 2230 auteur
731 2208 750 2229 a
768 2195 877 2230 vouln
897 2196 986 2229 faire
1005 2195 1158 2230 allusion
1186 2195 1243 2229 ici.
1265 2194 1366 2229 Nous
1389 2207 1466 2241 cro)
1477 2207 1542 2228 ons

118 2256 324 2304 cependant
340 2268 412 2304 que
429 2269 469 2292 ce
486 2264 569 2292 sont
585 2269 676 2292 ceux
694 2256 757 2291 des
775 2258 907 2291 annees
924 2255 992 2303 950
1009 2258 1028 2290 a
1046 2259 1127 2303 940.

165 2317 215 2362 (2)
241 2315 304 2362 (25
324 2316 518 2352 decembre
543 2316 679 2364 969-10
700 2316 842 2362 janvier
868 2315 968 2364 976.)
991 2315 1109 2351 Otton
1139 2314 1174 2349 ll
1201 2316 1351 2361 epoum,
1378 2326 1422 2348 en
1448 2325 1515 2361 972
1531 2342 1539 2356 ,

120 2376 382 2423 Theophanios,
415 2376 485 2411 fille
515 2376 560 2411 de
588 2377 809 2423 l'empereur
840 2389 924 2423 grec
955 2375 1113 2410 Romaiu
1141 2376 1188 2409 ΙΙ.
1223 2376 1328 2410 Cette
1362 2375 1545 2421 princesse

121 2443 272 2472 mourut
289 2439 309 2471 a
331 2436 448 2471 Rome
468 2436 501 2471 le
522 2435 560 2471 15
578 2437 659 2482 juin
677 2449 758 2484 99¹·
784 2437 856 2472 Son
878 2437 969 2471 mari
986 2450 1008 2483 y
1028 2437 1117 2471 etait
1134 2442 1232 2470 mort
1253 2435 1287 2471 le
1306 2448 1325 2484 7
1351 2434 1544 2469 decembri·

120 2495 199 2545 985.
222 2496 341 2533 Otton
360 2497 435 2540 111,
455 2496 536 2532 leur
550 2496 622 2541 fils,
643 2499 831 2532 couronne
845 2497 878 2532 le
899 2496 942 2532 25
963 2496 1158 2532 decembre
1173 2494 1243 2543 985
1262 2498 1282 2530 ἐι
1300 2495 1545 2531 Aix-la-Clia-

122 2555 237 2604 pelle,
257 2564 408 2592 mourut
428 2557 460 2592 le
478 2555 522 2592 25
538 2557 680 2603 janvier
704 2569 802 2591 1002.

169 2617 269 2652 Nous
289 2629 443 2664 pensons
461 2617 549 2665 qn’il
569 2617 673 2664 s'agit
700 2617 745 2651 ici
773 2616 818 2651 de
841 2616 874 2651 la
899 2616 1034 2652 revolte
1060 2616 1106 2651 de
1130 2614 1491 2663 Hugues—lc-Grand
1511 2620 1541 2646 vi

124 2674 188 2709 «les
212 2683 333 2711 autres
353 2677 541 2723 seigneurs
568 2676 619 2711 du
646 2689 818 2723 royanine
844 2683 972 2710 contre
998 2675 1368 2710 Louis-d'Ontremer
1393 2686 1437 2707 cn
1462 2674 1542 2718 941,

128 2735 183 2768 Au
202 2736 335 2779 moins,
357 2737 474 2783 parmi
494 2736 544 2771 les
563 2736 763 2771 nombreux
783 2735 980 2769 ‹lillerends
999 2735 1043 2769 dc
1063 2748 1102 2769 ce
1122 2735 1246 2781 prince
1265 2747 1347 2768 avec
1373 2745 1426 2766 scs
1448 2732 1545 2777 puis-

126 2799 223 2827 sanis
242 2806 406 2838 vassaux,
429 2802 544 2831 est-ce
565 2796 596 2831 lc
617 2795 696 2842 plns
725 2797 940 2842 important.
964 2802 995 2830 c!
1024 2794 1116 2829 ccliii
1145 2794 1208 2840 qni
1231 2793 1396 2834 l'obligva
1423 2789 1518 2824 ‹l'ailli
1533 2804 1547 2823 i·
