1738 3043
587 238 741 279 LIBER
769 239 1049 280 SECUNDUS.
1464 246 1541 283 355»

110 315 366 373 diderunt,
398 316 519 364 idola
547 335 625 364 sua
657 317 1024 376 destruxerunt,
1065 319 1291 386 lucosque
1326 323 1542 372 succide-

110 404 252 452 runt,
280 405 327 442 et
352 395 399 441 in
423 395 621 442 nomine
652 395 873 451 Domini,
908 396 990 460 qui
1027 406 1098 444 est
1124 398 1280 446 trinus
1308 409 1355 447 et
1385 419 1537 463 unus,

110 471 338 538 baptizati
368 484 497 520 sunt.

174 550 361 598 Dehinc
380 551 617 598 revelatur
635 551 676 598 ei
699 567 785 615 per
804 551 1039 616 Spiritum
1059 553 1288 601 Sanctum
1306 566 1360 603 ut
1377 574 1541 624 perge-

107 639 183 675 ret
198 629 255 676 ad
275 629 575 677 Alexandriae
598 627 812 693 phanum
830 632 917 693 (1).
938 632 1125 679 Marcus
1148 633 1293 699 igitur
1309 635 1539 685 fratribus

109 708 358 766 valedixit,
393 719 442 755 et
472 708 603 773 quod
635 708 676 755 ei
713 707 944 757 divinitus
973 711 1237 760 revelatum
1267 713 1424 762 fuerat
1453 717 1539 765 de—

107 787 243 834 texit.
279 786 343 834 At
379 787 446 834 illi
479 804 629 852 usque
661 786 719 834 ad
745 806 916 836 navem
949 789 1105 855 ipsum
1129 795 1369 856 prosecuti
1396 806 1536 856 sunt,

105 874 154 911 et
189 882 300 912 cum
337 882 394 914 eo
432 883 603 929 panem
640 865 980 915 manducantes
1018 867 1321 918 dimiserunt.
1366 873 1541 919 Domi-

104 960 222 1002 nus,
253 943 508 1009 inquiunt,
539 944 682 991 Jesus
717 944 936 993 Christus
955 965 1244 1014 prosperam
1264 949 1542 1011 socialiter

105 1033 255 1070 tuum.
296 1023 383 1071 Die
414 1033 576 1071 autem
607 1024 814 1088 septimo
846 1024 1185 1073 Alexandriam
1210 1030 1454 1092 pervenit,
1492 1041 1539 1078 et

102 1100 160 1149 de
195 1103 410 1149 navicula
444 1120 654 1168 egressus
692 1102 750 1150 ad
788 1103 960 1152 urbem
994 1107 1288 1170 properavit.
1329 1108 1445 1155 Mox
1485 1120 1538 1156 ut

103 1181 347 1229 civitatem
374 1183 609 1247 ingressus
635 1192 727 1240 est,
756 1182 1121 1231 calciamentum
1144 1187 1241 1249 ejus
1264 1184 1537 1252 disruptum

103 1270 189 1306 est.
233 1261 382 1319 Vere,
418 1261 602 1327 inquit,
639 1265 730 1307 iter
760 1279 919 1308 meum
950 1263 1233 1329 expeditum
1259 1275 1346 1311 est.

166 1339 348 1387 Deinde
365 1338 530 1388 beatus
549 1340 623 1386 vir
643 1339 1010 1389 calciamentum
1032 1342 1220 1390 cuidam
1238 1344 1390 1390 sutori
1411 1355 1538 1392 vete-

101 1436 212 1465 rum
235 1419 434 1467 nomine
469 1419 662 1466 Aniano
694 1420 1036 1483 corrigendum
1066 1421 1288 1478 tradidit;
1317 1423 1398 1488 qui
1428 1441 1540 1471 cum

103 1495 376 1560 injunctum
399 1514 519 1562 opus
551 1495 756 1552 faceret,
784 1495 1027 1542 sinistram
1053 1515 1251 1545 manum
1274 1517 1407 1546 suam
1431 1500 1539 1548 for-

103 1573 217 1620 titer
249 1574 544 1631 vulneravit,
585 1584 633 1622 et
665 1574 892 1638 protinus
931 1573 1214 1621 exclamavit
1248 1595 1261 1621 ;
1300 1577 1434 1624 Unus
1471 1591 1540 1626 est

100 1653 251 1700 Deus.
278 1652 422 1714 Quod
448 1663 504 1699 ut
527 1651 693 1699 beatus
718 1652 905 1699 Marcus
931 1651 1140 1711 audivit,
1171 1654 1380 1719 gaudens
1411 1657 1539 1704 intra

99 1747 148 1778 se
181 1729 304 1778 dixit
326 1749 337 1776 :
358 1730 796 1798 Prosperamfhcit
820 1733 909 1777 iter
932 1748 1091 1777 meum
1114 1731 1375 1780 Dominus.
1409 1735 1536 1782 Con-

101 1807 240 1855 tinuo
263 1808 311 1854 in
335 1807 577 1855 dexteram
605 1823 738 1852 suam
762 1807 952 1869 expuit,
979 1824 1274 1873 manumque
1304 1810 1394 1855 viri
1419 1828 1536 1874 per-

100 1902 317 1950 unguens
330 1885 404 1948 (2)
424 1884 546 1930 dixit
563 1903 572 1927 :
591 1884 652 1930 In
669 1884 858 1929 nomine
874 1883 915 1930 J
913 1902 997 1930 esu
1020 1885 1064 1930 C
1062 1884 1310 1946 lzrz'stc'filii
1326 1887 1425 1933 Dei
1437 1889 1539 1936 vivi

99 1973 299 2010 sanetur
324 1980 500 2008 manus
537 1962 649 2008 ista.
685 1961 750 2007 Et
785 1959 1043 2007 confestim
1073 1971 1230 2009 sanata
1265 1973 1350 2009 est.
1386 1964 1534 2011 Sutor

101 2041 262 2106 itaque
294 2038 599 2087 considerans
625 2038 744 2084 tanti
772 2039 862 2084 viri
894 2039 1163 2102 potentiam
1194 2049 1241 2087 et
1267 2039 1399 2087 verbi
1437 2044 1533 2106 ejus

99 2119 378 2176 efficaciam,
407 2118 614 2183 vitaeque
640 2117 1019 2175 continentiam,
1053 2116 1320 2166 obsecravit
1343 2137 1453 2167 eum
1480 2131 1535 2168 ut

102 2198 153 2244 in
172 2196 371 2244 domum
393 2213 526 2242 suam
545 2194 835 2253 declinaret,
858 2213 1126 2260 panemque
1149 2213 1260 2242 cum
1283 2213 1340 2244 co
1367 2214 1532 2245 come-

99 2274 251 2323 deret.
276 2275 435 2322 Laetus
460 2290 574 2338 ergo
599 2273 788 2320 Marcus
810 2273 1045 2339 ingressus
1076 2273 1276 2321 domum
1302 2274 1531 2323 bencdic-

100 2352 284 2400 tionem
324 2350 456 2399 dedit
496 2361 544 2398 et
583 2351 854 2400 orationem
890 2351 1045 2409 fudit,
1091 2369 1346 2417 veramque
1387 2352 1529 2400 fidem

96 2422 400 2480 atfflientibus
434 2430 795 2494 evangelizavit,
820 2442 867 2478 et
891 2431 1171 2496 sapientiam
1191 2430 1330 2496 hujus
1358 2432 1526 2480 mundi

95 2510 352 2558 stultitiam
393 2527 491 2557 esse
532 2508 658 2574 apud
699 2509 965 2557 Dominum
1008 2510 1222 2557 asseruit.
1269 2510 1527 2559 Veracibus

143 2723 194 2767 (ι)
220 2721 321 2757 Nous
341 2733 498 2769 pensons
518 2732 590 2768 que
613 2733 652 2756 ce
671 2727 747 2756 mot
770 2727 822 2757 est
841 2719 1008 2768 cniploye
1026 2720 1072 2755 ici
1092 2732 1233 2756 comme
1254 2731 1453 2765 synonyme
1477 2720 1522 2753 «Ιυ

94 2782 249 2827 pharus.

144 2843 194 2888 (⁴2)
219 2842 318 2879 Lisez
338 2857 343 2876 ς
366 2853 590 2890 perungens.
