1738 3043
112 227 191 266 450
481 223 723 262 HISTORIA
755 222 1159 263 ECCLESIASTICA.

111 304 328 371 pontifex
349 303 541 350 effectus
559 302 716 349 fuerat
729 337 743 360 ,
763 303 983 350 omnium
992 302 1175 368 judicio
1191 303 1534 354 condemnatus

109 394 194 430 cst.
223 380 404 429 Deinde
427 379 657 446 generalis
681 381 914 428 sententia
936 379 1024 427 sub
1047 380 1358 430 anathematis
1383 383 1536 432 inter-

107 460 319 508 dictione
350 457 534 523 prolata
558 468 655 518 est,
684 468 738 505 ut
761 457 921 506 nullus
948 459 1208 517 laicorum,
1243 477 1332 508 nec
1361 478 1417 509 ex
1441 462 1537 510 alio

108 538 301 596 ordine,
328 538 418 584 nisi
443 554 529 602 per
546 536 796 584 distinctos
821 536 991 602 gradus
1011 536 1066 584 ad
1088 537 1397 602 praesulatum
1418 556 1536 605 pro-

108 627 380 672 moveatur;
417 632 470 661 ac
504 625 560 661 ut
588 615 774 673 omnia,
811 632 916 681 quae
950 614 1074 663 idem
1106 617 1450 665 Constantinus
1484 617 1535 666 in

109 694 432 744 ecclesiasticis
466 693 523 740 ad
561 692 780 740 divinum
821 693 1006 740 cultum
1046 694 1141 759 egit
1165 730 1178 751 ‚
1217 694 1533 754 iterarentur,

108 783 287 840 praeter
323 771 555 836 baptisma
597 783 739 837 atquc
781 788 967 818 sacrum
1009 771 1230 820 chrisma.
1270 773 1539 839 Stephanus

106 869 224 917 papa
249 850 495 915 episcopos
519 865 611 895 xxx
637 848 960 906 consecravit,
992 859 1040 895 et
1069 849 1194 913 apud
1221 848 1415 897 beatum
1445 850 1538 897 Pe-

109 943 237 978 trum
252 928 462 993 sepultus
477 937 563 984 est,
581 937 628 974 et
639 926 834 973 cessavit
847 926 1143 991 episcopatus
1157 926 1322 975 diebus
1333 945 1422 976 vlu
1439 929 1533 993 (1).

171 1008 408 1056 Adrianus
432 1007 700 1064 RomanuS‚
728 1023 784 1053 ex
807 1015 943 1070 patre
964 1005 1246 1065 Theodoro,
1267 1006 1325 1055 de
1342 1007 1539 1074 regione

108 1087 197 1135 Via
226 1087 365 1141 Lata,
399 1084 523 1132 sedit
559 1084 695 1131 annis
726 1100 848 1130 xxm
881 1083 1125 1131 mensibus
1156 1100 1187 1131 x
1217 1083 1384 1132 diebus
1414 1101 1534 1133 xv11.

107 1166 196 1212 nic
232 1162 410 1211 nobilis
451 1172 497 1210 et
541 1160 766 1227 pulcher,
814 1171 1064 1218 constans,
1113 1161 1218 1226 pius
1260 1171 1308 1209 et
1350 1171 1540 1209 sanctus

109 1242 219 1289 suit.
243 1242 384 1287 Tunc
401 1239 689 1296 Desiderius,
711 1237 1136 1304 Langobardorum
1155 1256 1241 1286 rex
1255 1276 1267 1299 ‚
1290 1239 1540 1286 innumera

107 1318 228 1365 mala
261 1319 429 1365 Romae
461 1327 509 1364 et
537 1317 774 1364 Ravennae
813 1326 861 1363 et
889 1313 1090 1362 subditis
1121 1332 1284 1363 earum
1313 1314 1538 1363 faciebat.

108 1396 313 1443 Karolus
345 1412 459 1460 ergo
492 1394 695 1459 Magnus
724 1404 896 1458 rogatu
926 1410 1060 1458 papae
1093 1393 1142 1439 in
1169 1393 1352 1440 ltaliam
1377 1393 1538 1451 venit,

109 1474 341 1521 Ticinum
367 1489 415 1518 vi
443 1469 689 1518 mensibus
707 1469 920 1527 obsedit,
950 1470 1144 1536 Deoque
1161 1472 1362 1535 juvante
1384 1470 1537 1535 cepit,

111 1549 403 1615 sabbatoque
425 1547 615 1594 Paschae
640 1564 750 1593 cum
768 1547 865 1593 suis
885 1546 1152 1594 honorilice
1170 1548 1339 1596 Romae
1357 1563 1542 1612 suscep-

157 1781 208 1824 (ι)
232 1775 312 1827 (5-7
328 1776 417 1812 εούῐ
432 1775 573 1825 768-10'
590 1775 723 1811 sevricr
738 1778 837 1824 772.)
858 1774 920 1812 On
938 1787 959 1809 a
983 1775 1078 1810 aussi
1105 1774 1230 1811 donne
1254 1787 1299 1810 au
1324 1776 1411 1823 pere
1431 1775 1479 1813 de
1502 1789 1544 1814 ee

112 1850 204 1887 pape
221 1837 272 1872 les
287 1848 393 1871 noms
405 1835 574 1870 d’Olc'vus
592 1842 629 1870 et
642 1834 875 1882 d'Olybrius.
897 1834 1110 1880 Nepesinus
1125 1834 1269 1881 signifie
1285 1834 1332 1870 de
1348 1835 1462 1883 Nepi‚
1475 1835 1543 1872 de-

114 1902 284 1932 meurant
298 1897 316 1929 a
335 1894 428 1941 Nepi
442 1894 575 1940 (petite
589 1893 671 1928 ville
683 1892 746 1928 des
758 1893 928 1928 cnvirons
940 1892 985 1927 de
1003 1892 1120 1928 Rome
1135 1892 1243 1928 suria
1259 1893 1422 1941 Briglia).
1443 1894 1545 1932 Con-

114 1957 251 1992 stantin
278 1961 373 1990 resta
395 1967 440 1989 cn
468 1955 668 2001 possession
698 1953 749 1988 du
775 1954 873 2001 sie'ge
900 1953 1087 2001 pontifical
1114 1952 1278 2000 pendant
1296 1955 1408 1990 treize
1434 1955 1540 1991 mois.

117 2018 217 2052 Nous
237 2027 392 2063 pensons
411 2027 483 2062 que
496 2042 504 2058 ‚
528 2027 593 2061 par
609 2013 643 2050 le
662 2020 740 2049 mot
756 2015 924 2059 orbatus,
945 2026 993 2049 on
1011 2014 1091 2049 doit
1114 2013 1293 2050 entendre
1314 2015 1359 2050 ici
1381 2015 1484 2062 prive
1499 2014 1545 2051 de

115 2077 149 2112 la
162 2088 250 2119 vue,
266 2077 285 2110 a
302 2075 366 2122 qui
387 2087 435 2109 on
454 2087 473 2108 a
493 2075 597 2109 creve
614 2073 665 2109 les
678 2086 783 2120 yeux.
803 2074 853 2111 Ce
871 2086 916 2109 ne
930 2073 987 2109 sut
1005 2086 1078 2122 que
1095 2075 1181 2122 cinq
1198 2087 1261 2109 ans
1274 2074 1355 2122 plus
1372 2074 1455 2110 tan-d
1473 2087 1546 2123 que

115 2135 342 2182 Christophe
375 2141 412 2169 et
447 2134 597 2181 Sergius
631 2146 696 2169 son
729 2133 784 2169 fils
817 2140 948 2169 eurent
976 2134 1071 2169 aussi
1112 2134 1163 2169 les
1199 2146 1293 2181 yeux
1332 2136 1453 2170 creves
1480 2147 1546 2182 par

118 2196 206 2231 Paul
226 2196 380 2238 Afiarte,
401 2194 447 2230 dc
471 2201 621 2229 concert
639 2207 723 2229 avec
747 2194 779 2229 lc
800 2195 853 2229 roi
873 2194 1015 2229 Didier.
1037 2195 1186 2241 Sergius
1213 2194 1307 2230 avait
1329 2196 1387 2230 ete
1409 2196 1547 2243 envoy&

119 2270 184 2304 pai·
206 2249 359 2291 Etiennc
382 2267 464 2289 vers
487 2254 520 2289 le
543 2255 597 2289 roi
617 2255 733 2301 Pepin
747 2282 755 2297 ‚
780 2254 1095 2289 immediatement
1118 2255 1222 2302 apres
1245 2267 1309 2290 son
1332 2257 1546 2290 ave'nement

119 2329 165 2352 au
191 2315 401 2362 pontificat;
427 2313 517 2348 mais
540 2312 706 2361 lorsqu'il
729 2314 862 2356 arriva,
892 2313 1008 2360 Pcpin
1027 2314 1116 2348 e'tait
1140 2320 1238 2348 mort
1262 2315 1323 2359 (πά
1340 2313 1547 2361 septembre

122 2377 229 2426 768),
255 2382 292 2409 ct
318 2374 499 2421 rcmplace
519 2386 584 2420 par
603 2385 657 2408 ses
675 2373 835 2418 cnsants,
855 2373 1124 2421 Charlemagne
1142 2381 1180 2408 et
1197 2373 1404 2409 Carloman.
1422 2373 1545 2408 Parmi

123 2436 173 2470 ivs
190 2435 344 2482 cvi-ques
359 2434 518 2478 envoy&
537 2432 582 2467 de
601 2433 738 2468 France
756 2445 801 2467 au
820 2445 911 2480 pape
930 2445 993 2467 sur
1013 2445 1048 2467 sa
1071 2432 1270 2476 demando,
1287 2445 1335 2468 on
1353 2444 1547 2480 remarque

126 2495 301 2529 X‘ilicaire
321 2492 366 2526 dc
389 2493 498 2533 sons,
523 2490 624 2526 Lune
648 2491 694 2527 de
723 2493 917 2539 Mayeme,
946 2492 1087 2528 Gavien
1116 2491 1163 2527 de
1190 2492 1332 2535 Toum,
1362 2490 1474 2526 Odon
1499 2490 1546 2526 de

127 2556 224 2589 onn
238 2582 247 2596 ,
265 2550 487 2587 Uerminam]
507 2550 552 2585 dc
572 2551 753 2598 Boni-ges,
771 2550 898 2586 Daniel
911 2550 956 2586 de
975 2551 1185 2593 Nat-bonne,
1205 2549 1331 2596 Tilpin
1345 2548 1391 2583 dc
1407 2549 1544 2594 Reims,

129 2613 278 2649 {ierulse
298 2611 343 2645 de
368 2611 546 2656 Langres,
568 2611 702 2657 ,Ioseph
731 2610 951 2658 d'Avignon.
980 2611 1028 2645 Le
1054 2609 1192 2644 concile
1217 2621 1253 2643 sc
1281 2608 1475 2643 rasscmhla
1500 2622 1547 2645 en

127 2674 209 2707 osset
223 2685 268 2707 au
283 2671 375 2706 mois
388 2669 532 2712 ‹Pax-1⁵11,
547 2670 636 2706 dans
652 2670 787 2718 l'eglisc
801 2670 846 2706 de
858 2671 1157 2714 Saint-Sauveur,
1173 2668 1409 2715 aujourd'hui
1427 2670 1546 2707 Saint-

130 2733 453 2769 Jcan-dc-Lauun.
