1738 3043
216 244 267 280 ⁸4
581 238 823 277 HISTORIA
854 236 1255 276 ECCLESIASTICA.

216 333 444 388 quantum
493 336 578 365 nos
622 319 859 365 Dominus
899 318 1138 382 adjuverit
1153 354 1168 373 ,
1221 315 1626 381 quemadmodum

214 403 321 465 geri
339 398 578 464 potuerint
597 396 868 442 ordinemus
893 395 985 459 (1).

285 478 435 522 Prima
470 473 650 520 sabbati
686 473 927 530 diluculo,
959 473 1079 518 sicut
1105 489 1268 519 omnes
1295 470 1624 525 consentiunt,

221 566 415 601 ventum
440 563 509 600 est
534 552 590 598 ad
614 561 999 598 monumentum.
1027 550 1129 595 Jam
1161 548 1339 594 sactum
1369 558 1469 594 crat
1498 546 1627 612 quod

220 633 345 679 solus
369 629 620 678 Matthaeus
641 638 984 675 commemorat
1005 626 1062 673 de
1087 637 1226 672 terrae
1250 636 1387 673 motu
1408 635 1455 672 et
1476 623 1629 688 lapide

219 709 464 765 revoluto,
493 706 862 770 conterritisque
886 702 1188 759 custodibus;
1233 703 1293 748 ita
1323 712 1376 748 ut
1411 702 1459 748 in
1496 710 1630 766 parte

218 789 371 853 aliqua
392 786 523 833 velut
539 785 717 832 mortui
735 785 962 846 jacerent.
986 781 1128 829 Venit
1151 791 1306 827 autem
1321 816 1333 837 ,
1358 779 1481 825 sicut
1496 779 1631 826 Joan-

219 883 299 912 nes
315 865 456 922 dicit,
472 863 617 910 Maria
631 860 903 925 Magdalene
918 860 1018 906 sinc
1031 857 1202 914 dubi0;
1226 858 1357 922 [cum
1374 857 1472 921 (2)]
1491 866 1632 903 caete-

218 944 281 989 ris
296 940 594 995 mulieribus,
609 956 717 1003 quae
731 938 939 985 Domino
954 937 1355 991 ministraverant,
1369 934 1634 999 plurimum

214 1019 468 1066 dilectione
486 1016 773 1071 ferventior3
801 1024 855 1059 ut
875 1031 972 1060 non
995 1014 1235 1060 immerito
1259 1014 1464 1060 Joannes
1485 1011 1635 1059 solam

216 1105 586 1150 commemoret,
621 1092 773 1138 tacitis
796 1091 860 1138 eis
885 1108 992 1155 quoe
1023 1108 1133 1136 cum
1166 1091 1243 1136 illa
1266 1090 1487 1147 fuerunt,
1514 1089 1636 1135 sicut

216 1175 294 1221 alii
322 1182 571 1220 testantur.
601 1170 747 1217 Venit
770 1186 905 1233 ergo,
941 1178 987 1215 et
1019 1178 1072 1214 ut
1100 1167 1218 1214 vidit
1249 1166 1451 1232 lapidem
1477 1165 1636 1213 subla-

218 1263 320 1298 tum
344 1268 367 1296 a
392 1257 736 1303 monumento,
770 1256 1024 1310 antequam
1049 1244 1229 1310 aliquid
1257 1244 1528 1310 diligentius
1561 1245 1637 1291 in-

217 1330 441 1393 spiceret,
464 1344 563 1374 non
584 1325 806 1373 dubitans
830 1324 1040 1372 ablatum
1064 1324 1172 1372 inde
1195 1343 1290 1372 esse
1313 1341 1483 1389 corpus
1501 1325 1634 1384 Jesu,

218 1406 457 1462 cucurrit,
479 1405 600 1450 sicut
619 1403 736 1450 dicit
756 1402 878 1450 idem
901 1404 1132 1459 Joannes,
1158 1414 1205 1449 et
1233 1403 1470 1449 nuntiavit
1493 1403 1636 1449 Petro

218 1494 359 1548 atque
386 1483 472 1546 ipsi
497 1481 685 1529 Joanni.
721 1481 823 1544 Ipse
856 1489 925 1527 est
951 1480 1078 1527 enim
1102 1479 1358 1544 discipulus
1389 1496 1532 1544 quem
1559 1479 1637 1526 di-

220 1559 393 1625 ligebat
415 1560 563 1605 Jesus.
590 1557 653 1603 At
681 1557 748 1602 illi
772 1574 962 1604 currere
990 1565 1243 1620 coeperunt
1269 1555 1326 1602 ad
1345 1572 1637 1603 monumen-

223 1647 351 1692 tum,
392 1645 438 1682 et
474 1634 766 1698 praevenieus
805 1634 1008 1680 Joannes
1048 1633 1294 1679 inclinavit
1329 1650 1399 1691 se,
1440 1642 1488 1679 et
1517 1631 1638 1679 vidit

221 1713 370 1777 posita
398 1712 701 1767 linteamina5
732 1727 831 1757 non
865 1720 1021 1757 tamen
1048 1710 1262 1756 intravit.
1291 1711 1457 1757 Petrus
1479 1719 1638 1757 autem

221 1799 501 1836 consecutus
528 1788 723 1833 intravit
749 1787 796 1833 in
822 1797 1215 1844 monumentum,
1252 1796 1299 1833 et
1321 1785 1439 1833 vidit
1464 1786 1638 1833 lintea—

221 1866 349 1912 mina
381 1865 558 1929 posita,
593 1874 640 1911 et
672 1862 937 1924 sudarium,
973 1862 1103 1928 quod
1132 1862 1289 1909 fuerat
1323 1880 1463 1928 super
1497 1873 1639 1927 caput

270 2081 320 2126 (ι)
339 2081 375 2115 S.
392 2083 502 2127 Aug.‚
520 2080 565 2115 de
584 2080 692 2115 Cons.
708 2080 872 2126 Emag„
894 2091 944 2123 ιιι,
960 2078 1017 2127 69.
1035 2079 1135 2114 Tout
1149 2091 1189 2114 ce
1205 2079 1268 2126 qui
1283 2079 1376 2123 suit,
1392 2078 1535 2127 jusqu'a
1547 2077 1639 2114 l’ali-

227 2141 293 2174 nea
314 2139 406 2174 dela
425 2152 514 2187 page
533 2140 588 2188 87,
610 2147 665 2174 est
683 2141 877 2186 emprunte
895 2151 941 2172 au
962 2139 1079 2174 meme
1095 2150 1269 2185 ouvrage3
1290 2137 1390 2182 ibid„
1411 2137 1474 2185 69,
1494 2150 1551 2186 7⁰·

277 2202 327 2243 (π)
353 2201 404 2236 Ce
429 2208 506 2234 mot
529 2212 574 2233 nc
601 2212 636 2234 se
655 2207 782 2233 trouve
810 2211 872 2246 pas
900 2198 988 2233 dans
1016 2198 1066 2232 les
1094 2198 1184 2233 bons
1207 2198 1444 2241 manuscrits;
1470 2198 1565 2232 aussi
1588 2197 1640 2234 les

231 2258 461 2293 Benedictins
480 2257 632 2292 sont-ils
650 2257 752 2291 cxclu
767 2257 812 2291 dc
826 2257 905 2291 leur
922 2256 1061 2291 edition
1079 2256 1124 2291 de
1140 2257 1234 2291 saint
1250 2257 1444 2303 Augustin.
1459 2256 1521 2291 Un
1537 2263 1640 2292 autre

233 2329 377 2363 passage
391 2344 398 2358 ‚
419 2317 548 2350 extruit
566 2316 616 2349 du
635 2317 751 2350 meme
771 2317 879 2359 Pero,
902 2328 1036 2363 prouvc
1052 2328 1123 2363 que
1139 2323 1244 2351 notre
1263 2324 1393 2352 auteur
1412 2316 1494 2351 n’en
1511 2317 1604 2352 avait
1619 2318 1640 2351 ἐι

233 2389 267 2410 sa
286 2375 500 2422 disposition
519 2376 632 2422 qu'un
650 2382 746 2410 texte
760 2375 987 2410 descetucux.
1009 2376 1108 2410 ‚Nous
1125 2389 1232 2411 avons
1246 2389 1291 2411 vu
1305 2376 1501 2421 ci-dessus‚
1517 2389 1552 2423 p.
1570 2387 1635 2424 29:

237 2436 346 2469 Cento
355 2435 628 2480 eimuefiuctm
646 2438 832 2481 virginum
852 2442 906 2469 ccl
923 2442 957 2469 et
971 2443 1177 2483 martyrum
1198 2450 1265 2484 pro
1285 2437 1454 2472 societate
1470 2438 1560 2472 vitoe
1576 2449 1640 2471 seu

234 2502 441 2540 contemptu
460 2500 595 2529 mortis.
624 2496 721 2531 C'cst
741 2496 985 2530 e'vidcmmcnt
1010 2497 1042 2531 la
1069 2496 1327 2544 reproduction
1353 2497 1398 2532 de
1425 2509 1481 2532 ces
1500 2495 1640 2544 paroles

235 2555 280 2589 de
299 2555 391 2588 saint
411 2556 611 2599 Augustin,
633 2555 721 2589 dans
740 2567 792 2589 ses
816 2558 953 2598 Qmest.
975 2557 1170 2602 Emmgel„
1192 2556 1256 2591 lib.
1278 2568 1306 2599 1,
1327 2563 1450 2603 quaest.
1468 2567 1492 2603 9
1512 2571 1518 2589 :
1545 2555 1639 2590 Cen-

238 2615 403 2647 tesimum
423 2618 627 2658 martyrum
643 2620 792 2659 propter
809 2615 1009 2649 satietatem
1033 2617 1123 2649 viloe
1147 2615 1211 2649 vel
1227 2620 1469 2660 contemptum
1493 2616 1619 2648 mortis
1627 2631 1637 2655 ;

239 2673 326 2707 mais
351 2672 374 2706 il
400 2671 511 2705 sallait
535 2672 601 2706 lire
628 2676 829 2708 satietatem
849 2687 989 2709 comme
1007 2674 1095 2709 dans
1118 2673 1150 2708 lc
1179 2681 1274 2709 texte
1297 2674 1486 2721 imprime,
1518 2686 1566 2709 ou
1593 2686 1638 2708 au

241 2733 356 2765 moins
380 2732 602 2765 sanctitatem
619 2760 623 2766 .
646 2744 784 2766 comme
804 2741 952 2777 pertz-nt.
971 2747 1018 2768 un
1041 2733 1155 2779 grand
1175 2733 1326 2769 nombre
1346 2733 1390 2767 de
1409 2733 1636 2769 manuscrits.
