1738 3043
265 233 340 270 224
630 229 868 266 ltlS'l'ORtA
904 228 1303 268 ECCLESIASTIQ.

268 311 508 363 introixit,
532 319 577 353 rt
605 309 661 353 dc
687 309 931 371 seripturis
958 309 1106 371 palam
1133 308 1376 364 disseruit,
1404 309 1674 374 adaperiens

269 398 314 431 vt
341 387 581 431 insinuans
605 403 613 426 :
645 386 761 448 quia
781 384 1006 430 Christum
1030 387 1236 450 oportuit
1252 387 1359 450 pati
1375 397 1419 432 et
1437 404 1677 451 resurgere

268 482 297 510 ιι
330 482 432 508 mor
434 475 553 517 ltus,
584 473 628 507 et
651 464 767 525 quia
794 462 872 509 luc
893 474 960 508 est
984 465 1008 507 (
1019 463 1201 508 'lziz'vtus
1227 468 1390 522 lesus,
1425 481 1561 528 quem
1590 480 1677 527 ego

270 553 501 587 ‹tmmnteo
526 540 681 586 volus.
711 540 849 586 Multi
875 559 928 587 ex
952 541 1058 587 Jud
1050 541 1126 587 eis
1154 551 1200 587 et
1225 540 1444 606 gentibus
1469 540 1677 590 credide·

270 638 291 663 ι
296 630 399 675 unt
422 618 565 664 Paulo
581 628 627 664 et
645 617 752 663 Silae
768 602 972 681 adjuncti
993 628 1120 663 sunt.
1140 617 1352 665 Zelantes
1371 618 1515 683 igitur
1527 618 1677 665 Judaei

272 695 458 742 [iubam
482 705 752 743 concitavel
758 706 870 751 unt
894 707 939 741 et
962 699 1178 743 Jasonem
1201 696 1408 761 aliosque
1431 695 1476 742 s1
1465 707 1600 745 atres
1622 695 1679 743 ad

268 775 503 839 principes
520 774 720 819 civitatis
742 773 977 819 trahentes
998 785 1351 821 accusaverunt.
1375 773 1465 821 Sed
1484 774 1577 832 illi,
1602 791 1680 821 ac—

267 865 396 916 cepta
421 852 737 899 satisfactione
763 851 820 897 ab
845 852 1014 898 Jasone
1040 863 1086 898 et
1113 871 1135 897 a
1158 852 1365 913 caeteris,
1396 869 1474 899 eos
1497 852 1680 900 dimise-

268 940 399 975 runt.
437 931 620 975 Fratres
646 945 759 975 vero
795 928 1047 974 confestim
1076 945 1160 991 per
1186 939 1378 975 noctem
1399 929 1598 976 Paulum
1632 939 1680 977 et

266 1006 409 1053 Silam
433 1006 480 1051 in
499 1006 716 1051 Beroeam
736 1003 1043 1059 dimiserunt3
1067 1013 1113 1050 et
1132 1003 1263 1061 inde,
1286 1015 1484 1069 propter
1502 1005 1678 1052 tumul-

271 1098 367 1130 tum
388 1082 709 1129 multitudinis
727 1082 1019 1129 concitatum
1039 1099 1061 1126 a
1082 1080 1272 1139 Judaeis‚
1294 1082 1493 1129 Paulum
1511 1083 1678 1131 fratres

269 1180 414 1227 usque
433 1160 640 1208 Athenas
658 1160 999 1223 perduxerunt.
1022 1158 1092 1205 lbi
1113 1158 1259 1205 Silam
1277 1169 1324 1206 et
1341 1159 1649 1208 Timotheum
1663 1198 1675 1220 ‚

265 1256 383 1304 quos
406 1240 589 1285 Beroeae
608 1237 873 1293 dimiserat,
897 1237 1178 1301 expectavit.
1208 1238 1389 1285 Interea
1413 1237 1680 1302 disputabat

268 1319 313 1364 in
340 1334 574 1382 synagoga
600 1334 709 1363 cum
731 1316 906 1362 Judaeis
929 1325 976 1362 et
1000 1314 1295 1373 colentibus,
1318 1327 1365 1363 et
1389 1317 1437 1363 in
1462 1316 1571 1364 foro
1595 1334 1679 1382 per

266 1413 430 1441 omnes
459 1395 555 1441 dies
583 1394 640 1440 ad
665 1411 828 1441 omnes
864 1393 945 1458 qui
984 1392 1246 1440 audierant.
1285 1392 1487 1454 Quidam
1520 1403 1678 1441 autem

268 1473 471 1537 epicurei
492 1483 538 1519 et
555 1472 689 1519 stoici
707 1470 978 1535 philosophi
1000 1487 1110 1516 cnm
1130 1487 1185 1517 eo
1201 1469 1508 1518 disserebant.
1527 1470 1679 1519 Athe-

268 1551 450 1597 nienses
483 1561 529 1596 et
565 1548 756 1595 advenae
790 1548 995 1612 hospites
1029 1547 1085 1593 ad
1118 1547 1238 1594 nihil
1270 1547 1398 1594 aliud
1421 1548 1674 1605 vacabant,

269 1628 353 1673 nisi
380 1637 461 1672 aut
484 1625 638 1672 dicere
662 1634 742 1670 aut
764 1623 925 1670 audire
944 1624 1123 1688 aliquid
1147 1625 1276 1671 novi.
1302 1625 1471 1672 Paulus
1488 1636 1674 1683 autem,

270 1707 315 1750 in
342 1704 497 1751 medio
530 1703 761 1767 Areopagi
793 1712 946 1760 stans,
983 1701 1292 1750 Athenienses
1327 1701 1556 1751 idolatriae
1593 1721 1678 1750 su-

264 1781 532 1845 perstitioni
552 1779 733 1828 deditos
753 1777 1086 1843 reprehendit,
1107 1788 1154 1825 et
1177 1778 1234 1826 de
1249 1796 1326 1825 ara
1352 1780 1401 1825 in
1420 1797 1511 1845 qua
1536 1771 1678 1844 Scrip-

268 1870 368 1904 tum
403 1868 501 1904 erat
531 1878 541 1903 :
569 1858 743 1921 Ignoto
781 1857 912 1912 Deo,
954 1855 1084 1920 loqui
1125 1856 1289 1919 coepit.
1329 1855 1443 1902 Inde
1484 1856 1674 1902 initium

267 1938 491 1999 injunctae
511 1933 598 1980 sibi
619 1933 970 1998 praedicationis
988 1934 1210 1997 sumpsit,
1231 1935 1476 1999 Deumque
1490 1951 1672 1991 verum,

264 2015 344 2078 qui
371 2013 487 2060 olim
513 2013 701 2077 ignotus
729 2010 910 2057 mundo
937 2021 1065 2066 erat,
1097 2010 1423 2068 annuntiavit,
1449 2009 1676 2076 brevique

265 2108 481 2138 sermone
499 2089 647 2136 multa
669 2087 1073 2152 comprehendens
1094 2086 1234 2134 fidem
1253 2099 1299 2134 et
1315 2087 1674 2135 resurrectionis

264 2187 392 2232 spem
418 2169 648 2215 instanter
671 2166 947 2230 praedicavit
974 2166 1067 2228 (1).

328 2249 466 2292 Tunc
482 2245 736 2309 Dionysius
753 2243 1052 2307 Areopagita,
1074 2253 1120 2288 et
1139 2242 1310 2289 mulier
1325 2243 1423 2306 ejus
1444 2240 1672 2298 Damaris,

261 2325 434 2388 aliique
477 2340 585 2368 cum
631 2322 694 2367 eis
734 2319 1052 2376 adhaerentes,
1095 2319 1312 2383 apostolo
1349 2317 1668 2366 crediderunt.

263 2399 444 2446 Deinde
473 2399 642 2443 Paulus
667 2396 725 2442 ab
749 2395 947 2443 Athenis
971 2413 1178 2460 egressus
1202 2394 1487 2444 Corinthum
1510 2393 1667 2450 venit,

262 2487 308 2523 et
340 2475 512 2521 ,ludaeis
543 2485 683 2539 atque
717 2474 890 2519 Gra-cis
924 2475 1082 2520 Jesum
1112 2473 1353 2520 Christum
1385 2489 1480 2519 esse
1504 2469 1671 2518 testifi-

308 2728 352 2763 ῖι,
385 2725 466 2757 Act.
485 2730 601 2767 npusl.
623 2735 696 2761 xxi,
727 2722 1069 2768 16-wn‚31.(52.)
