1738 3043
222 252 301 290 3:12
588 247 831 286 HISTORIA
863 248 1263 289 ECCLESIASTICA.

225 331 427 380 ethnicis
453 330 746 376 contritione
775 330 1032 377 interemit.
1060 332 1229 377 Caeteri
1253 342 1410 378 autem
1435 330 1515 396 qui
1536 350 1636 380 eva—

228 419 415 463 serunt,
437 408 483 452 in
501 406 731 471 templum
745 407 978 471 Apollinis
994 407 1237 472 sugerunt.
1254 408 1454 474 Insignis
1466 409 1637 458 athleta

225 485 399 533 Christi
421 483 701 529 Salaminam
725 482 892 531 urbem
914 484 1149 540 introivit,
1174 484 1333 549 ibique
1355 503 1638 551 synagogam

223 561 719 615 J11daem·11111invenit,
744 561 817 606 eui
844 561 1155 625 Evangelium
1174 560 1348 607 Christi
1368 572 1641 609 constanter

224 641 522 707 praedicavit,
552 649 599 685 ct
632 638 864 702 plurimos
896 638 1172 685 Judaeorum
1203 638 1261 684 ad
1293 637 1433 686 fidem
1465 639 1639 686 Christi

226 718 482 766 convertit.
505 714 642 775 Quod
663 716 958 780 comperiens
983 717 1175 780 Barjcu,
1196 734 1390 764 omnem
1412 717 1642 764 malitiam

227 813 356 844 suam
383 793 614 850 ostendit,
646 804 691 839 et
717 794 997 840 seditionem
1023 794 1069 839 in
1097 804 1313 840 sanctum
1347 795 1430 841 Dei
1457 805 1643 858 aposto-

225 874 326 921 lum
364 871 638 919 concitavit.
679 870 829 916 Judaei
869 888 980 917 vcro
1018 869 1415 935 comprehensum
1458 871 1639 919 consuli

228 951 476 997 Salaminae
513 948 694 994 tradere
730 947 1011 1005 x‘olucrunt,
1050 948 1127 994 scd
1161 959 1295 995 antea
1328 949 1489 995 multis
1529 967 1644 1013 sup—

226 1030 404 1094 pliciis,
448 1027 680 1091 variisque
715 1025 1000 1072 cruciatibus
1041 1027 1194 1090 ipsum
1229 1027 1512 1074 afflixerunt.
1558 1028 1645 1075 De-

228 1107 364 1162 hinc,
387 1122 495 1151 cum
517 1114 806 1150 maceratum
829 1114 874 1149 et
897 1113 1164 1167 quassatum
1184 1103 1342 1168 poenis
1363 1103 1646 1168 adjudican-

226 1185 340 1232 dum
356 1185 600 1238 ducerent,
611 1191 949 1246 compererunt
963 1182 1091 1246 quod
1105 1181 1435 1238 Eusebius,vir
1449 1199 1645 1247 magnus

228 1274 276 1311 et
310 1272 610 1327 praepotens,
642 1261 698 1306 dc
729 1260 957 1325 progenie
992 1260 1315 1324 imperatoris,
1358 1261 1405 1307 iu
1445 1261 1646 1307 insulam

230 1341 498 1396 devenirct;
527 1339 825 1404 nimiumque
856 1349 1068 1386 verentes
1099 1357 1159 1387 ne
1185 1339 1322 1386 illum
1343 1339 1399 1386 dc
1423 1337 1642 1386 manibus

230 1437 397 1468 eorum
428 1418 655 1482 eriperet,
684 1416 848 1463 funem
874 1417 922 1463 in
952 1416 1078 1464 collo
1101 1419 1201 1482 ejus
1220 1418 1508 1483 ligaverunt,
1536 1432 1647 1463 noc-

229 1509 375 1563 tuque
410 1496 717 1542 dilaceratum
761 1513 783 1540 a
824 1512 1055 1560 synagoga
1103 1496 1153 1542 in
1190 1495 1560 1560 hippodromum
1599 1504 1647 1541 et

231 1575 339 1622 inde
373 1574 490 1621 foris
525 1583 712 1636 portam
747 1582 1100 1635 pertraxerunt.
1129 1572 1342 1620 Posthaec
1371 1572 1506 1618 illum
1540 1572 1646 1636 igne

231 1650 646 1699 circumdederunt
669 1660 715 1695 et
736 1648 992 1696 crudeliter
1012 1660 1359 1697 cremaverunt.
1388 1649 1462 1696 Sic
1481 1649 1646 1696 beatus

229 1728 470 1793 apostolus
484 1762 496 1783 ‚
526 1736 634 1791 post
657 1726 834 1773 multos
856 1744 1027 1791 agones
1052 1737 1098 1774 et
1116 1726 1339 1774 diuturna
1360 1727 1614 1774 certamina
1629 1762 1642 1784 ,

230 1823 320 1870 pro
344 1804 518 1851 Christi
545 1821 706 1850 amore
738 1803 929 1849 adustus
953 1803 1176 1868 migravit
1202 1803 1259 1849 ad
1282 1802 1445 1869 gaudia
1470 1804 1647 1868 sempi-

230 1895 381 1932 terna.
415 1883 551 1947 lmpii
584 1893 743 1928 autem
764 1881 933 1938 Judaei‚
961 1899 1060 1929 non
1085 1882 1234 1928 satiati
1268 1881 1325 1929 de
1349 1898 1463 1929 nece
1491 1881 1642 1939 illius,

221 1955 448 2009 'tulerunt
470 1977 641 2023 corpus
666 1961 786 2022 ejus,
817 1969 863 2006 et
893 1959 939 2005 in
966 1959 1136 2005 locello
1158 1957 1384 2023 plumbeo
1406 1958 1647 2006 recluden-

233 2051 300 2086 tes
321 2040 367 2085 in
386 2055 515 2085 mare
533 2037 871 2101 disposuerunt
888 2037 1203 2101 praecipitare.
1227 2037 1426 2084 Interim
1442 2037 1645 2084 Joannes

230 2117 418 2164 Marcus
431 2151 443 2172 ‚
461 2133 570 2162 cum
587 2116 791 2162 Timone
806 2124 852 2161 et
866 2114 1064 2162 Rodonc
1075 2151 1088 2172 ‚
1111 2126 1325 2161 sanctum
1342 2131 1513 2177 corpus
1532 2130 1646 2161 noc-

232 2196 387 2242 turnis
410 2194 539 2242 horis
565 2193 751 2241 occulte
776 2193 912 2250 tulit,
934 2193 1045 2240 etin
1071 2203 1236 2257 crypta
1254 2228 1267 2249 ,
1293 2210 1399 2258 quae
1423 2191 1538 2238 olim
1560 2190 1645 2237 ha-

229 2272 400 2319 bitatio
424 2271 751 2319 Jebusaeorum
780 2270 962 2329 fuerat,
999 2278 1070 2315 ιιι0
1099 2270 1200 2315 idus
1217 2270 1341 2333 junii
1377 2268 1639 2316 collocavit.

232 2349 305 2396 Ob
330 2349 449 2395 hanc
478 2350 632 2412 itaque
653 2348 1021 2395 occultationem
1041 2347 1257 2411 plurimis
1280 2363 1518 2394 annorum
1542 2362 1645 2390 cur-

231 2425 392 2472 riculis
418 2423 684 2471 venerabile
714 2441 885 2488 corpus
911 2424 1075 2481 latuit,
1105 2441 1192 2471 nec
1218 2422 1418 2470 inveniri
1445 2439 1467 2467 a
1491 2419 1643 2467 chris—

233 2503 386 2550 ticolis
416 2502 580 2548 valuit.
624 2503 834 2548 Tandem
870 2512 1082 2566 tempore
1110 2501 1314 2549 Zenonis
1346 2499 1641 2562 imperatoris

231 2591 279 2628 et
309 2580 455 2626 sancti
493 2579 660 2626 Gelasii
693 2597 853 2643 papae,
889 2579 1053 2627 eodem
1078 2589 1240 2625 sancto
1269 2575 1485 2640 apostolo
1509 2593 1643 2622 reve-

231 2657 357 2704 lante
383 2657 624 2702 inventum
648 2665 741 2712 est,
764 2665 811 2702 et
831 2673 939 2701 cum
960 2655 1151 2719 hymnis
1174 2663 1221 2701 et
1246 2651 1459 2698 laudibus
1482 2651 1540 2697 ad
1564 2650 1642 2698 ho-

231 2751 399 2781 norem
417 2737 501 2780 Dei
524 2732 722 2780 mirifice
739 2732 1022 2780 collocatum
1041 2741 1125 2778 est.
1143 2732 1236 2777 Pro
1252 2728 1399 2776 sancti
1414 2725 1641 2775 Barnabae
