1738 3043
607 260 761 299 LIBER
793 260 1003 301 PRIMUS.
1478 267 1530 302 ἐν.)

98 347 310 392 tanniam
347 361 371 390 a
409 340 609 389 Claudio
649 341 841 398 missus,
869 343 1026 390 tricies
1052 353 1099 390 ct
1139 343 1211 389 bis
1249 362 1358 391 cum
1396 345 1531 394 hostc

100 421 322 471 conflixit
343 439 355 477 ς
381 419 495 467 duas
521 419 828 466 validissimas
851 431 1040 485 gentes,
1080 438 1143 467 xx
1165 422 1367 487 oppida,
1397 424 1531 470 insu-

99 500 191 546 lam
210 499 408 547 Vectam
428 497 692 545 Britanniae
712 498 984 562 proximam
1006 499 1208 563 imperio
1229 518 1432 549 romano
1451 502 1531 548 ad-

92 579 225 643 jecit.
255 578 498 642 [Colossus
518 577 721 641 erigitur
743 575 921 624 habens
939 576 1205 624 altitudinis
1226 579 1366 642 pedes
1385 582 1527 645 cvm]

164 657 301 703 Titus
319 672 470 703 annos
499 672 529 701 ιι
554 671 737 702 menses
754 673 814 711 ιι,
842 655 916 701 vir
936 655 1157 702 omnium
1182 657 1419 705 virtutum
1443 676 1529 725 ge-

98 751 212 781 nere
236 731 493 788 mirabilis,
515 730 631 780 adeo
657 743 710 778 ut
736 750 872 780 amor
894 742 940 780 et
964 732 1146 779 deliciae
1170 732 1364 782 humani
1383 754 1528 801 gene-

96 812 161 858 ris
183 809 437 858 diceretur.
465 811 553 857 Hic
580 810 1019 876 [amphitheatrum
1044 813 1212 859 Romae
1245 814 1525 873 aedificavit,

95 899 144 937 et
174 889 222 936 in
257 888 556 937 dedicatione
598 892 696 954 ejus
739 890 955 956 quinque
996 890 1144 937 millia
1184 890 1397 940 ferarum
1442 912 1530 943 oc-

95 967 212 1015 cidit
236 968 361 1034 (1)].

163 1047 500 1112 [Domitianus
518 1046 669 1094 frater
686 1046 786 1093 Titi
801 1047 988 1111 junior,
1010 1064 1163 1094 annos
1185 1066 1249 1095 xv
1275 1067 1458 1099 menses
1477 1069 1525 1099 v.

96 1124 185 1171 Hic
208 1124 442 1172 secundus
460 1135 570 1190 post
592 1124 837 1174 Neronem
857 1125 1153 1173 Christianos
1177 1130 1525 1195 persequitur],

96 1214 144 1251 et
161 1203 304 1269 paulo
321 1215 431 1270 post
452 1222 542 1270 pro
563 1203 779 1252 mercede
808 1204 1121 1252 theomachiae
1146 1223 1170 1251 a
1195 1217 1361 1254 senatu
1382 1209 1531 1257 inter-

97 1281 260 1330 ficitur
284 1285 370 1346 (2).

161 1361 316 1409 Nerva
338 1379 468 1410 anno
488 1379 588 1410 uno
612 1361 859 1410 mensibus
883 1379 932 1409 1v
950 1361 1117 1410 diebus
1133 1381 1239 1410 vm.
1263 1365 1352 1412 Hic
1371 1367 1532 1431 primo

94 1437 253 1488 edicto
299 1457 385 1487 suo
424 1450 622 1487 cunctos
656 1440 815 1488 exules
844 1441 1099 1488 revocavit.
1148 1441 1287 1490 Unde
1324 1444 1532 1492 Joannes

95 1516 339 1582 apostolus
369 1516 454 1564 hae
477 1517 687 1584 generali
708 1516 937 1566 liberatus
970 1518 1269 1584 indulgentia
1292 1520 1534 1586 Ephesum

94 1594 325 1643 remeavit
343 1596 438 1660 (3).

162 1674 395 1739 Trajanus
419 1690 571 1721 annos
610 1691 695 1721 ΧΙΧ
721 1692 906 1722 menses
938 1692 986 1721 Vl
1017 1674 1117 1722 dies
1142 1693 1225 1723 xv.
1253 1677 1342 1723 Hic
1366 1677 1535 1726 adver-

96 1770 203 1800 sum
249 1751 547 1800 Christianos
587 1755 972 1818 persecutionem
1013 1755 1192 1814 movit,
1238 1757 1535 1823 eximiosque

95 1830 181 1878 Dei
212 1847 372 1878 servos
394 1831 742 1896 martyrizavit.
781 1831 995 1895 [Plinius
1028 1832 1275 1880 Secundus
1307 1834 1536 1882 Novoco-

97 1909 296 1961 mensis,
325 1917 492 1955 orator
525 1919 573 1955 et
598 1907 854 1955 historicus
898 1909 1096 1973 insignis
1135 1908 1358 1968 habetur,
1401 1914 1534 1975 eujus

97 1986 304 2051 plurima
326 1986 503 2051 ingenii
525 1995 691 2033 extant
705 2003 866 2050 opera.
891 1985 1159 2034 Pantheum
1174 1987 1534 2054 Romae],quod

101 2064 402 2112 Domitianus
421 2063 623 2120 fecerat,
651 2062 878 2127 [fulmine
900 2066 1314 2130 concrematum];
1343 2066 1418 2112 cui
1441 2083 1534 2114 no-

97 2161 209 2191 men
236 2142 346 2190 inde
369 2141 536 2189 datum
563 2152 657 2199 est,
685 2141 816 2208 quod
843 2142 939 2207 ipsa
963 2142 1133 2190 domus
1165 2143 1388 2191 omnium
1411 2143 1532 2193 deo-

144 2314 196 2358 (¹)
223 2314 293 2359 (24
318 2313 403 2360 juin
426 2310 538 2362 79-13
567 2311 775 2359 septembre
803 2311 881 2358 81).
904 2312 1206 2360 L'inauguration
1224 2312 1274 2347 du
1295 2313 1448 2360 Colysee
1469 2328 1532 2362 pa-

100 2372 170 2408 rait
186 2373 286 2408 avoir
304 2385 351 2408 eu
370 2371 445 2406 lieu
461 2383 507 2406 en
524 2370 595 2406 l'an
614 2371 671 2407 80.
689 2372 741 2407 Ce
755 2384 801 2406 ne
816 2377 899 2406 sont
917 2383 980 2419 pas
994 2372 1079 2420 cinq
1092 2371 1206 2414 mille,
1218 2373 1309 2407 mais
1327 2373 1421 2408 neuf
1430 2374 1530 2410 mille

96 2433 268 2468 animaux
285 2433 349 2481 qui
369 2432 495 2467 furent
513 2433 594 2466 tues
612 2430 702 2466 dans
731 2443 790 2467 ces
811 2431 923 2475 setes,
945 2431 1037 2466 dont
1071 2431 1105 2466 la
1139 2430 1254 2467 duree
1282 2432 1338 2467 sut
1364 2431 1411 2467 de
1445 2441 1530 2469 cent

92 2491 199 2538 jours
211 2520 220 2536 ,
241 2493 386 2527 suivant
397 2490 494 2526 Dion
511 2490 670 2526 Cassius.

145 2554 196 2600 (α)
221 2551 288 2598 (¹3
312 2551 519 2600 septembre
544 2550 656 2587 81-18
682 2549 890 2598 septembre
914 2549 995 2597 96).
1016 2550 1063 2584 La
1076 2551 1309 2597 persecution
1322 2550 1368 2586 de
1381 2543 1528 2599 l'Eglisc

98 2623 165 2660 par
178 2613 366 2648 Domitien
383 2619 446 2647 eut
464 2611 534 2646 lieu
554 2624 599 2646 en
617 2610 662 2658 95
675 2639 684 2654 ‚
705 2617 741 2645 et
762 2623 827 2658 par
846 2613 1071 2658 consequent
1091 2610 1182 2646 dans
1200 2611 1340 2646 l’annee
1359 2613 1422 2660 qui
1442 2616 1526 2659 pre--

98 2670 187 2706 ceda
205 2672 238 2706 la
257 2678 355 2707 mort
371 2671 416 2706 de
435 2678 491 2706 cet
511 2683 717 2718 exnpereur.

145 2729 195 2776 (5)
224 2731 289 2774 (18
313 2731 520 2779 septembre
549 2730 662 2779 96-27
684 2730 827 2776 janvier
845 2729 923 2777 98).
958 2729 1004 2763 La
1033 2729 1265 2776 persecution
1285 2729 1400 2776 pat-ait
1425 2730 1524 2763 avoir

99 2792 198 2825 cesse
215 2797 321 2825 avant
337 2791 368 2825 la
387 2797 483 2826 mort
501 2789 546 2825 de
567 2791 767 2826 Domitien.
790 2790 1016 2825 Neanmoins
1036 2790 1131 2825 saint
1155 2791 1243 2825 Jean
1273 2802 1318 2824 ne
1336 2789 1453 2823 revint
1478 2788 1523 2824 de

101 2861 166 2886 son
184 2851 254 2886 exil
274 2852 442 2899 qu'apres
458 2851 490 2886 le
506 2851 632 2899 rappel
647 2851 710 2887 des
727 2851 858 2886 bannis
876 2864 942 2898 par
960 2850 1092 2886 Nerva.
