1738 3043
159 218 234 255 40⁴2
525 210 763 249 ulsTOMA
798 207 1198 247 ECCLESIASTICA.

159 295 340 343 cibatus
381 304 428 339 et
461 302 593 338 aceto
628 300 844 355 potatus,
881 299 934 335 ut
964 306 1050 335 nos
1088 289 1135 334 in
1173 299 1348 335 terram
1376 287 1499 334 ‘lacte
1527 297 1576 336 et

159 374 298 422 melle
318 381 589 418 manantem
615 367 960 421 introduceret;
985 376 1227 431 postremo
1247 367 1295 413 in
1319 365 1453 412 altari
1474 381 1578 414 cru-

160 455 224 499 eis
248 450 559 504 sacrificatus,
588 458 640 494 ut
674 447 818 494 totius
851 447 1015 492 muudi
1049 455 1235 510 peccata
1265 444 1460 492 deleret.
1489 444 1577 491 Hic

159 529 330 577 defecit
349 537 683 593 argumentum
702 523 876 571 diaboli
903 545 912 570 :
933 525 1013 589 qui
1037 523 1241 570 vitulum
1261 533 1426 570 contra
1450 523 1576 569 vitu-

163 609 259 655 lum
290 617 335 653 et
363 605 548 652 hircum
578 613 743 651 contra
770 602 957 650 hircum
986 601 1183 657 fecerat,
1213 618 1387 665 agnum
1412 609 1578 651 contra

162 702 336 750 agnum
368 681 721 730 immaculatum
760 680 973 727 invenire
1009 696 1108 726 non
1146 679 1321 743 potuit.
1361 681 1582 725 Mortuus

164 766 322 827 itaque
349 780 430 808 rex
451 770 614 808 noster
638 770 707 805 est
722 795 732 814 ,
757 768 809 804 ut.
833 757 1002 804 mortis
1023 757 1274 821 imperium
1296 756 1577 820 captivaret3

161 840 370 905 sepultus
391 849 483 898 est,
508 847 561 882 ut
579 835 842 899 sepulturas
870 843 1145 880 sanctorum
1163 832 1464 880 benediceret
1474 851 1486 888 ;
1511 849 1583 880 re-

163 919 391 973 surrexit,
411 927 462 961 nt
482 915 684 962 mortuis
700 914 844 958 vitam
862 911 1104 966 redderet;
1123 910 1331 957 aseendit
1348 911 1395 956 in
1416 910 1582 969 coelos,

162 1009 211 1043 ut
253 996 437 1044 homini
478 1012 578 1040 non
620 992 774 1040 solum
810 991 1108 1055 paradisum,
1154 1007 1314 1055 quem!
1337 990 1582 1047 amiserat,

164 1075 437 1121 restitueret
451 1109 463 1129 ,
491 1070 802 1117 verumetiam
826 1068 1064 1115 coelorum
1079 1069 1244 1132 januas
1259 1067 1481 1132 aperiret.
1502 1065 1587 1113 Se-

165 1152 243 1200 det
270 1168 399 1198 nunc
424 1150 479 1196 ad
499 1149 739 1196 dexteram
764 1147 941 1203 Patris,
969 1156 1023 1191 ut
1048 1145 1347 1192 credentium
1368 1143 1587 1209 precibus

166 1240 360 1277 annuat.
382 1227 626 1275 Venturus
644 1235 711 1272 est
731 1235 888 1271 autem
903 1223 1113 1287 judicare
1131 1225 1264 1272 vivos
1283 1233 1330 1270 et
1346 1233 1586 1280 mortuos,

165 1320 220 1356 ut
243 1308 406 1356 reddat
430 1305 688 1369 unicuique
706 1301 964 1349 secundum
983 1319 1122 1366 opera
1143 1319 1242 1348 sua.
1261 1302 1374 1348 Haec
1392 1310 1462 1348 est
1476 1317 1586 1347 vera

168 1386 280 1434 fides
305 1384 705 1431 Christianorum.

234 1466 449 1526 Cumque
468 1461 691 1507 Silvester
711 1459 811 1505 haec
833 1468 880 1505 et
903 1458 1050 1504 multa
1072 1458 1160 1504 alia
1179 1457 1330 1504 valide
1353 1456 1591 1504 disseruis-

171 1551 239 1587 set
253 1577 265 1597 ,
293 1549 339 1585 et
357 1538 523 1584 Seleon
541 1537 642 1582 aliis
658 1535 833 1581 Judaeis
857 1534 1122 1581 tacentibus
1139 1534 1439 1598 allegationes
1458 1550 1593 1597 papae

171 1616 390 1664 laudibus
427 1613 693 1668 extulisset,
728 1610 1033 1658 duodecimus
1066 1610 1283 1670 Zambri,
1318 1611 1399 1675 qui
1431 1627 1592 1675 magus

175 1705 275 1742 erat
298 1690 734 1746 artificiosissimus,
761 1689 960 1745 restitit3
984 1705 1070 1735 nec
1087 1687 1371 1734 authenticis
1388 1687 1594 1752 scriptu-

177 1790 336 1820 rarum
363 1767 661 1817 sermonibus
676 1803 688 1824 ,
713 1766 790 1813 sed
812 1767 1000 1830 magicis
1023 1764 1204 1812 actibus
1231 1765 1485 1830 confligere
1503 1781 1594 1828 op-

179 1852 322 1908 tavit,
358 1860 640 1913 taurumque
668 1845 1014 1893 ferocissimum
1048 1843 1135 1890 sibi
1170 1861 1331 1892 coram
1369 1842 1595 1892 omnibus

181 1928 345 1976 adduci
382 1926 535 1990 petiit.
565 1924 678 1970 Mox
709 1940 824 1987 papa
858 1933 905 1969 et
932 1921 1147 1986 Augusto
1177 1920 1592 1986 praecipientibus,

184 2020 346 2054 taurus
371 2003 612 2058 Terentii,
646 2019 788 2066 quem
819 2001 897 2046 vix
924 2010 1116 2047 eentum
1149 1998 1393 2046 fortissimi
1425 1998 1599 2046 milites

187 2099 348 2135 tenere
382 2090 670 2148 potuerunt,
708 2089 776 2126 est
809 2079 1051 2125 adductus.
1090 2079 1144 2123 ln
1181 2079 1312 2142 cujus
1345 2094 1507 2124 aurem
1545 2085 1601 2123 ut

189 2163 376 2212 Zambri
403 2159 642 2226 quoddam
670 2169 901 2205 secretum
932 2155 1074 2212 dixit,
1101 2156 1259 2201 statim
1283 2155 1424 2203 miser
1442 2153 1601 2219 mugi-

193 2254 294 2288 tum
337 2238 466 2285 dedit
509 2247 554 2282 et
596 2234 935 2281 violentissime
972 2233 1127 2297 eJectis
1164 2231 1312 2279 oculis
1350 2232 1596 2296 expiravit.

193 2320 331 2364 Tune
357 2331 521 2363 omnes
551 2311 700 2358 Judaei
734 2311 935 2356 nimium
962 2310 1245 2356 insultavere
1267 2309 1495 2356 Silvestro
1512 2343 1526 2365 ,
1555 2319 1603 2355 et

192 2413 277 2460 per
302 2396 501 2439 duarum
524 2390 622 2436 fere
648 2388 871 2435 horarum
897 2388 1039 2452 spatia
1066 2388 1312 2452 personuit
1343 2386 1602 2433 tumultua-

194 2473 280 2518 tio.
308 2469 522 2532 Denique
551 2466 764 2530 Augusto
796 2466 1057 2529 imperante
1086 2465 1350 2520 silentium,
1383 2463 1603 2512 Silvester

197 2547 420 2596 convenit
439 2543 729 2600 maleficum,
756 2561 951 2607 poscens
975 2552 1028 2587 ut
1051 2542 1171 2588 sicut
1196 2551 1379 2587 taurum
1403 2539 1603 2588 interfe-

199 2635 323 2673 cerat
350 2624 506 2669 vivum
525 2657 536 2677 ,
565 2623 629 2667 sie
656 2622 870 2668 eumdem
899 2622 944 2666 in
977 2621 1058 2666 Dei
1084 2619 1277 2666 nomine
1309 2619 1604 2666 resuscitaret

199 2715 461 2752 mortuum.
485 2699 623 2759 Quod
649 2700 724 2745 ille
749 2699 960 2762 nequivit
982 2697 1160 2754 faeere,
1189 2695 1266 2743 sed
1288 2696 1437 2760 palam
1458 2696 1604 2760 coepit
