1738 3043
142 254 163 288 2
707 244 979 283 PROLOGUS.

145 330 465 399 Angliroque
499 324 655 387 Beda,
689 338 740 376 et
770 325 926 376 Paulo
956 325 1247 374 Cassinensi
1283 328 1385 389 (ι),
1417 323 1549 375 aliis-

144 447 243 499 qm·
292 422 640 494 scriptoribus
686 421 1056 472 ecclesiasticis.
1109 421 1313 470 Horum
1363 420 1548 489 allega-

147 526 312 574 tiones
343 519 719 572 delectabiliter
748 521 982 580 intueor,
1010 517 1318 587 elegantiam
1339 529 1389 567 et
1408 516 1550 567 utili-

146 631 305 669 tatem
332 628 716 686 syntagmatum
743 613 896 665 laudo
921 626 972 664 et
1000 612 1259 674 admiror,
1282 614 1554 685 nostrique

148 715 398 785 temporis
418 713 678 783 sapientes
701 719 883 762 eorum
904 709 1134 762 notabile
1154 708 1386 760 sedimen
1409 709 1553 780 sequi

146 812 424 870 cohortor;
453 827 658 870 verum,
689 808 941 878 quianon
971 816 1046 855 est
1069 823 1240 855 meum
1269 804 1379 854 aliis
1398 805 1557 873 impe-

148 927 287 969 rare,
326 905 511 956 inutile
554 904 735 955 saltem
772 904 915 953 nitor
953 902 1118 951 otium
1162 900 1446 962 declinare,
1483 911 1556 959 et,

147 1004 512 1073 memetipsum
531 1018 776 1051 exercens
789 1041 800 1061 ,
821 996 1021 1070 aliquid
1039 999 1251 1048 actitare
1272 996 1417 1070 quod
1434 998 1562 1047 meis

151 1101 340 1152 debeat
369 1100 688 1170 symmaticis
713 1097 931 1167 placere.

227 1198 289 1246 In
316 1196 595 1258 relatione,
626 1211 784 1265 quam
813 1190 878 1241 de
902 1191 1280 1241 restauratione
1307 1190 1568 1240 Uticensis

154 1292 382 1343 coenobii
402 1332 413 1353 ‚
434 1291 652 1362 jubente
680 1288 910 1357 Rogcrio
929 1287 1120 1338 abbate
1140 1286 1242 1354 (2),
1265 1286 1569 1356 simpliciter

155 1399 316 1458 prout
341 1405 555 1456 possum
576 1385 743 1434 facere
773 1383 1006 1444 institui,
1032 1381 1160 1431 libet
1180 1381 1430 1431 veraciter
1459 1393 1571 1432 tan-

158 1504 279 1553 gere
328 1481 582 1533 nonnulla
628 1478 691 1530 de
739 1479 893 1530 bonis
934 1496 1023 1528 seu
1066 1477 1213 1527 malis
1257 1478 1571 1548 primatibus

160 1581 316 1650 liujus
341 1597 566 1650 nequam
586 1575 760 1627 seculi.
786 1576 908 1625 Non
930 1586 1041 1625 arte
1059 1574 1371 1625 litteratoria
1393 1574 1572 1639 fultus,

163 1695 258 1726 nec
287 1673 533 1725 facundia
565 1671 838 1744 praeditus,
872 1670 962 1722 sed
996 1670 1148 1721 bonae
1175 1670 1458 1722 voluntatis
1492 1673 1574 1722 in-

166 1772 399 1822 tentione
426 1781 766 1841 provocatus,
795 1780 986 1839 appeto
1011 1786 1153 1818 nunc
1179 1765 1378 1818 dictare
1405 1766 1471 1819 de
1496 1768 1579 1818 his

165 1887 280 1939 quae
322 1865 558 1917 videmus
605 1884 694 1915 seu
737 1863 1032 1915 toleramus.
1068 1864 1231 1913 Decet
1268 1864 1451 1935 utique
1490 1875 1580 1927 ut,

165 1964 299 2013 sicut
327 1956 472 2012 novae
496 1980 575 2011 res
608 1959 809 2011 mundo
841 1958 1079 2032 quotidie
1107 1959 1379 2024 accidunt,
1413 1962 1488 2012 sic
1514 1960 1581 2012 ad

164 2057 370 2108 laudem
393 2058 488 2107 Dei
508 2054 711 2107 assidue
729 2056 926 2126 scripto
949 2053 1248 2118 tradantur;
1271 2067 1330 2107 ut
1353 2067 1426 2119 et,
1445 2057 1580 2108 sicut

168 2154 235 2205 ab
274 2153 628 2204 anterioribus
671 2153 935 2222 praeterita
980 2163 1122 2220 gesta
1164 2169 1328 2222 usque
1369 2150 1435 2202 ad
1482 2170 1579 2202 nos

168 2249 468 2299 transmissa
496 2259 642 2309 sunt,
671 2247 743 2297 sic
767 2247 922 2296 etiam
946 2247 1221 2316 praesentia
1243 2265 1383 2297 nunc
1402 2266 1430 2297 a
1450 2266 1580 2318 prae-

169 2345 405 2396 sentibus
437 2345 625 2396 suturae
661 2344 954 2414 posteritati
985 2343 1275 2394 litterarum
1313 2347 1580 2397 notamine

217 2583 268 2627 (1)
293 2581 376 2616 Plus
395 2593 516 2616 connu
533 2593 616 2616 sous
635 2581 668 2616 le
686 2593 772 2615 nom
792 2580 837 2615 de
859 2580 948 2615 Paul
965 2580 1099 2616 diacre.

217 2652 267 2695 (ιι)
295 2650 415 2693 Regni·
439 2649 488 2684 du
513 2650 600 2696 Sap,
630 2649 690 2684 elu
717 2649 809 2684 abbe
835 2648 880 2684 de
907 2640 1180 2684 Saint-Evroult
1206 2661 1250 2684 en
1287 2662 1390 2697 ¹091,
1421 2652 1519 2685 sacre
1547 2651 1580 2685 le

174 2722 214 2753 ἰδ
235 2720 319 2753 aaut
343 2718 444 2763 ¹⁰98»
468 2718 767 2753 demissionnaire
786 2729 830 2752 cn
856 2715 962 2760 1125,
985 2724 1080 2752 niort
1098 2716 1131 2752 le
1153 2715 1346 2762 13janviei·
1364 2717 1460 2751 1126.
