1738 3043
578 233 732 273 LIBER
759 234 1040 276 SECUNDUS.
1448 242 1523 279 387

106 314 402 360 Christianos
433 315 652 378 peremit.
694 315 821 361 Caesa
855 334 967 363 vero
1000 317 1335 376 multitudine,
1373 319 1528 367 solum

108 392 402 439 Clementem
437 392 575 456 jussit
607 392 663 438 ad
704 409 832 440 mare
868 394 1062 457 perduci
1104 406 1150 442 et
1184 395 1442 444 anchoram
1473 399 1530 445 ad

109 470 288 518 collum
319 471 415 532 ejus
450 469 581 534 ligari
617 480 663 516 et
698 470 747 515 in
785 471 996 518 medinm
1032 473 1173 518 maris
1210 475 1528 539 praecipitari,

110 566 170 595 ne
201 565 224 594 a
258 547 536 594 Christianis
560 557 717 611 posset
750 548 951 595 inveniri
981 560 1026 595 et
1059 567 1148 613 pro
1175 550 1264 597 deo
1295 554 1528 600 venerari.

112 626 252 687 Quod
278 625 468 691 quando
489 624 667 672 factum
698 635 839 682 esset,
863 625 1051 674 Phoebo
1072 638 1119 674 et
1138 629 1364 677 Cornelio
1387 632 1535 678 disci-

111 705 235 770 pulis
254 705 400 751 sancti
421 704 680 751 Clementis
697 721 808 751 cum
821 705 1132 753 multitudine
1151 706 1534 757 Christianorum

111 782 168 828 ad
203 782 337 828 littus
372 779 606 828 stantibus
644 792 691 829 et
724 799 833 828 cum
869 782 983 829 fletu
1025 782 1305 841 orantibus,
1348 788 1536 833 recessit

110 878 241 909 mare
265 862 313 907 in
338 861 494 908 sinum
529 878 667 907 suum
698 879 784 925 per
809 861 897 907 tria
929 861 1028 908 sere
1052 862 1197 907 millia
1216 899 1229 919 ,
1261 873 1308 910 et
1340 864 1533 929 ingressi

109 956 196 1004 per
213 938 390 984 siccum
411 937 576 1002 populi
599 938 757 985 videre
778 937 1030 984 mirabilia.
1053 937 1390 986 Habitaculum
1409 959 1540 988 nam·

111 1034 205 1082 que
229 1017 516 1064 invenerunt
542 1016 590 1062 in
616 1015 814 1063 modum
846 1016 1009 1081 templi
1038 1019 1292 1065 marmorei
1317 1019 1540 1084 angelicis

112 1094 333 1142 manibus
358 1103 602 1160 paratum,
633 1093 794 1158 ibique
825 1094 872 1140 in
899 1112 1003 1141 arca
1033 1112 1164 1141 saxea
1191 1112 1365 1160 corpus
1389 1098 1538 1144 sancti

114 1174 372 1222 Clementis
405 1174 617 1238 positum
649 1173 918 1220 ministerio
941 1173 1248 1238 angelorum,
1282 1176 1343 1221 ita
1372 1185 1426 1222 ut
1450 1194 1540 1223 an·-

115 1251 284 1309 chora,
321 1270 430 1298 cum
465 1269 557 1317 qua
588 1251 756 1297 missus
787 1262 880 1308 est,
914 1252 1066 1315 posita
1099 1262 1217 1299 esset
1243 1255 1378 1316 juxta
1412 1272 1538 1301 eum.

113 1329 366 1394 Discipulis
393 1339 551 1376 autem
575 1331 672 1392 ejus
699 1328 959 1376 revelatum
981 1341 1050 1376 est
1079 1347 1137 1376 ne
1156 1348 1265 1377 eum
1287 1331 1538 1389 tollerent;

108 1409 225 1475 quia
259 1408 392 1456 omni
417 1409 492 1455 die
525 1407 753 1472 passionis
787 1408 884 1471 ejus
916 1425 1046 1454 mare
1079 1408 1347 1465 recederet,
1383 1419 1430 1456 et
1458 1427 1544 1474 per

115 1496 297 1551 septem
318 1485 415 1533 dies
441 1483 802 1533 advenientibus
823 1486 1001 1531 siccum
1027 1485 1117 1532 iter
1138 1485 1396 1549 praeberet.
1420 1488 1544 1534 Mul-

116 1564 176 1611 tis
211 1563 277 1611 ibi
311 1562 610 1610 mirabilibus
643 1561 806 1620 factis,
836 1580 1002 1610 omnes
1025 1563 1226 1628 gentiles
1260 1581 1346 1629 per
1368 1582 1542 1630 gyrum

115 1642 422 1691 crediderunt
451 1641 724 1699 Christum,
753 1652 800 1688 et
830 1641 1125 1688 famulantur
1156 1643 1195 1689 ei
1232 1644 1314 1708 qui
1347 1644 1465 1690 vivit
1497 1654 1544 1691 et

115 1730 283 1787 regnat
306 1737 393 1784 per
419 1719 578 1767 omnia
606 1719 777 1765 saecula
802 1719 1105 1766 saeculorum.
1135 1719 1289 1766 Amen
1318 1721 1409 1784 (1).

182 1799 401 1845 Clemens
419 1797 669 1844 constituit
688 1807 740 1842 ut
758 1796 917 1842 altaris
933 1796 1052 1860 palla
1065 1832 1079 1851 ,
1103 1796 1323 1844 cathedra
1337 1835 1348 1856 ‚
1371 1798 1543 1846 cande-

119 1875 325 1933 labrum,
344 1875 378 1921 si
395 1884 626 1922 vetutaste
640 1883 919 1937 consumpta
935 1872 1137 1930 fuerint,
1151 1886 1538 1922 concrementur.

185 1952 438 1999 Anacletus
459 1950 679 2010 Graecus,
701 1950 758 1997 de
786 1953 822 1997 A
833 1950 1012 2007 thenis,
1035 1951 1156 1998 sedit
1174 1952 1311 1998 annis
1332 1969 1382 1998 1x
1403 1971 1542 2000 men—

119 2032 247 2079 sibus
269 2048 300 2078 11
322 2026 486 2078 diebus
511 2047 563 2087 x;
592 2046 689 2095 quo
714 2029 942 2076 defuncto
968 2034 1041 2075 111⁰
1068 2030 1169 2076 idus
1186 2030 1320 2093 julii,
1348 2032 1542 2078 cessavit

121 2111 417 2175 episcopatus
442 2108 607 2155 diebus
638 2125 743 2154 Χνι.
771 2107 858 2153 Hic
890 2107 1098 2154 decrevit
1128 2117 1180 2153 ut
1212 2111 1446 2157 accusatio
1471 2128 1543 2156 sa-

121 2188 372 2237 cerdotum
405 2204 505 2233 non
531 2185 688 2242 lieret,
717 2186 806 2232 nisi
837 2184 895 2230 ab
921 2184 1099 2232 idoneis
1124 2195 1170 2231 et
1200 2185 1544 2249 probatissimis

123 2266 264 2322 viris,
285 2264 366 2330 qui
389 2260 737 2326 suspicionibus
762 2272 948 2308 careant
974 2263 1062 2325 (2).

173 2453 225 2498 (ι)
249 2449 310 2496 (23
325 2450 466 2497 janvier
481 2446 593 2497 91—23
613 2447 808 2482 novembre
833 2449 924 2492 ioo.)
943 2448 1008 2482 Les
1023 2446 1152 2482 details
1170 2459 1231 2482 sur
1245 2448 1338 2483 saint
1353 2448 1542 2493 Clement,

128 2511 328 2549 renfermes
358 2510 446 2545 dans
473 2522 513 2544 ce
537 2508 764 2556 paragraphe
793 2515 828 2543 et
855 2507 888 2542 le
914 2506 1127 2554 precedent,
1156 2514 1238 2542 sont
1263 2508 1544 2554 completement

131 2571 374 2620 apocryphes,
395 2570 484 2606 ainsi
504 2569 621 2618 quola
639 2568 879 2603 constitution
898 2566 1124 2615 apostolique
1137 2579 1209 2615 que
1227 2574 1331 2602 notre
1348 2575 1478 2602 auteur
1497 2568 1547 2603 lui

131 2632 304 2668 attribue.
326 2632 428 2668 Nous
447 2644 492 2666 en
511 2630 637 2665 dirons
654 2636 801 2672 nutant,
823 2641 895 2664 une
917 2628 985 2663 sois
1008 2640 1102 2675 pour
1124 2634 1263 2671 tontes,
1291 2627 1336 2662 de
1354 2627 1459 2662 celles
1482 2630 1545 2676 qui

131 2694 295 2729 suivront
307 2721 316 2737 ,
333 2693 478 2740 jusqu'a
497 2704 536 2727 ce
554 2704 625 2740 qne
643 2703 734 2726 nous
753 2690 982 2726 avertissions
1000 2688 1111 2736 qu’on
1129 2696 1215 2736 peut
1232 2702 1254 2734 y
1274 2688 1414 2735 ajouter
1435 2689 1498 2723 soi.

177 2755 228 2799 (2)
254 2754 305 2790 Ce
320 2753 507 2801 pontificat
521 2760 574 2789 est
592 2764 642 2788 un
659 2751 792 2788 double
809 2751 942 2798 emploi
960 2761 1042 2787 avec
1059 2749 1153 2786 celui
1168 2749 1213 2786 de
1232 2750 1325 2785 saint
1344 2749 1435 2785 Clet
