1738 3043
250 234 330 270 :31ss
618 228 861 267 HISTORIA
891 228 1296 268 ECCLESIAS'I'ICA.

252 323 341 357 tem
378 311 644 357 orationem
668 310 823 372 jecit,
866 320 910 355 et
952 311 1144 355 unicum
1167 309 1336 370 filium
1378 310 1543 371 ducis,
1586 315 1671 378 qui

251 385 656 452 mortuussuerat,
678 389 990 434 resuscitavit.
1010 389 1058 433 E
1061 405 1142 434 cce
1158 406 1286 434 nunc
1303 391 1352 434 in
1367 388 1511 436 domo
1528 389 1669 438 ducis

250 466 382 512 sedet
394 504 409 523 ι,
446 483 609 512 omnes
646 466 716 512 ad
748 484 799 513 se
831 467 1150 531 ingredientes
1181 466 1318 513 docet
1350 478 1395 513 et
1429 469 1670 518 universas

253 542 551 608 1'13fi1·1m'tates
585 553 738 589 curat.
775 543 1038 607 Respondit
1071 543 1265 607 Treptia
1291 564 1301 590 :
1332 543 1391 590 Si
1420 546 1490 591 ita
1520 556 1590 592 est
1623 539 1673 593 αὶ

251 620 455 677 asseris,
479 637 669 678 eamus,
692 620 795 665 etsi
812 637 921 666 vere
940 621 1008 666 ita
1031 620 1423 685 comprobavero,
1445 623 1673 687 protinas

251 695 448 743 credam
476 697 537 742 εί.
567 696 776 742 Stultum
800 707 868 742 est
893 698 1020 743 enim
1045 707 1275 743 aeternam
1292 698 1447 744 vitam
1467 715 1564 746 non
1586 717 1672 764 ap-

242 783 432 838 petere,
465 785 508 821 et
540 776 686 821 tantis
708 774 961 821 virtutibus
985 792 1082 822 non
1114 775 1319 822 credere.
1344 776 1490 823 Ducis
1514 775 1674 842 itaque

249 850 308 897 ad
327 851 525 898 domum
549 862 890 917 perrexerunt3
917 852 1162 916 ingressae,
1185 852 1241 899 ad
1269 870 1376 901 eum
1400 864 1516 902 tunc
1540 854 1674 921 loqui

250 944 350 974 non
387 939 669 993 potuerunt.
703 929 968 992 Occupatus
999 929 1128 975 enim
1157 927 1282 987 erat,
1321 948 1488 977 manus
1526 931 1675 997 impo-

250 1023 370 1051 nens
396 1024 537 1070 super
561 1006 861 1053 infirmitates
879 1007 1044 1052 varias.
1069 1007 1276 1071 Regina,
1302 1018 1357 1054 ut
1381 1018 1509 1055 tanta
1527 1010 1675 1056 mira-

248 1082 362 1129 bilia
387 1084 534 1142 vidit,
564 1083 892 1151 obstupefacta
917 1085 1040 1132 dixit
1061 1106 1071 1131 ε
1095 1086 1358 1134 ῘΙΙαῖεᾱίσιί
1374 1098 1485 1134 sunt
1507 1106 1540 1135 a
1568 1089 1674 1136 Deo

249 1162 337 1224 qui
358 1179 456 1209 non
483 1163 685 1210 credunt
714 1162 938 1228 operibus
967 1163 1157 1210 salutis.
1195 1164 1334 1210 Tunc
1363 1164 1558 1229 quidam
1580 1166 1676 1214 ele-

248 1238 528 1304 phantiosus
570 1252 761 1306 aspectu
802 1242 944 1289 nimis
981 1240 1254 1300 horribilis,
1288 1241 1510 1291 scabroso
1538 1243 1676 1291 vultu

250 1329 299 1366 et
321 1337 437 1369 voce
461 1322 730 1369 raucissima
745 1358 758 1380 ,
774 1320 975 1385 jubente
992 1320 1236 1385 apostolo,
1261 1321 1563 1370 introductus
1585 1333 1671 1370 est.

249 1400 402 1447 Porro
429 1400 476 1447 in
498 1418 607 1448 eum
633 1400 873 1464 apostolus
898 1399 1126 1464 aspiciens
1153 1398 1314 1459 flevit,
1340 1409 1387 1447 et
1415 1399 1520 1447 fixis
1545 1401 1677 1466 geni-

249 1479 339 1526 bus
383 1478 646 1526 diutissime
687 1478 841 1525 oravit
862 1513 875 1534 ,
923 1478 1059 1542 eique
1102 1475 1344 1524 dexteram
1389 1477 1640 1542 imponens
1656 1514 1671 1537 ‚

249 1557 400 1603 Deum
427 1556 706 1620 suppliciter
730 1554 986 1601 invocavit.
1015 1553 1195 1600 Deinde
1219 1571 1338 1617 puer
1361 1554 1555 1619 quidam
1577 1553 1676 1600 ful-

249 1634 361 1699 gido
385 1644 575 1698 aspectu
592 1632 810 1696 apparuit
824 1667 837 1688 ‚
862 1631 1103 1695 leprosum
1122 1649 1146 1677 a
1170 1642 1303 1695 parte
1327 1632 1488 1696 anguli
1509 1633 1676 1679 secreti

253 1713 389 1769 tulit,
425 1711 634 1759 vestibus
667 1710 762 1756 suis
795 1709 954 1766 exuit,
984 1709 1117 1756 corio
1141 1725 1335 1774 quoque
1358 1709 1489 1774 quasi
1515 1709 1674 1756 tunica

250 1791 488 1855 corporali
514 1789 762 1854 spoliavit,
786 1788 907 1833 sicut
931 1787 1013 1852 qui
1039 1787 1251 1834 excoriat
1277 1787 1508 1845 vitulum,
1535 1797 1583 1834 et
1605 1805 1676 1835 re-

250 1869 438 1918 vocavit
464 1885 572 1915 eum
597 1866 653 1913 ad
682 1864 971 1930 apostolum.
1007 1864 1090 1912 Ille
1114 1881 1227 1912 vero
1258 1865 1543 1930 consignans
1566 1881 1676 1912 eum

248 1947 384 2012 signo
422 1945 575 1992 crucis
609 1942 891 2007 baptizavit,
934 1941 1164 2004 novisque
1207 1951 1255 1987 et
1295 1939 1503 1987 candidis
1541 1939 1673 1988 indui

247 2023 543 2073 vestimentis
565 2021 696 2069 fecit.
725 2021 837 2067 Haec
859 2019 1022 2066 videns
1042 2018 1247 2083 populus
1262 2053 1276 2076 ,
1305 2018 1456 2066 Deum
1481 2018 1671 2083 magni-

249 2103 434 2159 ficavit,
462 2111 510 2149 et
532 2101 693 2166 regina
717 2098 857 2163 pedes
889 2100 985 2162 ejus
1010 2096 1225 2144 osculans
1247 2095 1476 2161 baptizari
1501 2105 1672 2161 postu-

248 2183 380 2229 lavit.
409 2182 548 2227 Tunc
572 2177 840 2243 apostolus,
875 2177 986 2241 quia
1010 2187 1194 2239 tempus
1218 2174 1453 2241 migrandi
1477 2173 1536 2221 de
1558 2191 1667 2222 cor-

246 2278 364 2324 pore
383 2259 658 2323 proximum
684 2273 779 2304 esse
795 2254 1060 2319 praescivit,
1081 2253 1295 2318 reginam
1315 2271 1425 2300 cum
1445 2251 1669 2300 omnibus

248 2338 330 2402 qui
359 2335 422 2382 ibi
449 2335 644 2381 aderant
666 2332 939 2397 baptizavit.

314 2415 514 2460 Reversa
546 2411 705 2475 regina
724 2446 736 2467 ‚
772 2427 932 2474 regem
956 2409 1014 2456 de
1048 2409 1139 2456 fide
1169 2408 1495 2464 commonuit,
1526 2423 1667 2473 seque

249 2490 556 2538 christianam
583 2497 860 2535 constanter
886 2486 1111 2533 ostendit.
1146 2487 1286 2532 Tunc
1316 2501 1399 2532 cor
1425 2484 1546 2548 regis
1582 2502 1666 2531 ex-

248 2569 404 2635 pavit,
431 2577 478 2614 et
502 2567 646 2612 iratus
671 2576 838 2612 contra
862 2565 1095 2612 Carisium
1119 2564 1336 2610 clamavit
1360 2583 1372 2609 :
1405 2562 1526 2611 Cum
1558 2574 1664 2610 stu-

248 2649 338 2694 deo
378 2662 658 2709 recuperare
693 2644 780 2689 tibi
818 2661 1013 2689 uxorem
1055 2653 1214 2697 tuam,
1250 2639 1453 2704 perdidi
1489 2657 1660 2687 meam.

252 2727 375 2772 Nam
406 2724 602 2788 Treptia
619 2721 921 2788 pejor-sacta
942 2734 1008 2768 esl
1040 2720 1177 2778 milei,
1219 2737 1362 2783 quum
1390 2719 1664 2783 Mygdonia
