1738 3043
595 183 747 222 LIBER
778 183 985 223 PRIMUS.
1448 187 1495 222 27

78 266 272 314 Christi.
302 265 440 314 Unde
462 263 521 311 ab
543 265 645 329 ipso
672 265 937 312 mittuntur
961 264 1058 313 duo
1081 264 1328 330 discipuli,
1358 275 1412 312 ut
1431 265 1501 311 di-

77 344 281 410 ligenter
305 360 389 408 per
416 343 563 408 ipsam
586 351 950 407 perscrutentur
978 342 1061 390 Dei
1087 341 1302 407 sophiam
1321 353 1498 390 secreta

77 422 136 470 de
182 421 453 487 provisione
499 420 699 468 coelesti.
744 421 982 486 Regressis
1028 421 1224 468 Joannis
1272 421 1462 469 nunciis
1483 457 1497 480 ,

78 500 227 547 multa
264 499 322 547 de
361 502 459 563 ejus
499 497 829 564 magnitudine
873 499 1090 564 loquitur
1107 535 1120 556 ,
1165 509 1211 547 et
1248 499 1408 564 pueris
1449 499 1498 545 in

78 578 187 626 foro
201 577 472 626 sedentibus
487 578 846 643 generationem
862 587 1106 642 comparat
1119 577 1144 624 J
1150 577 1396 626 udaeorum
1411 580 1427 641 (ζ
1438 596 1452 624 1
1463 578 1499 642 ).

81 657 218 704 Tunc
255 656 403 721 coepit
425 657 557 704 Jesus
581 654 872 721 exprobrare
896 654 1170 704 civitatibus
1188 694 1200 716 ‚
1241 657 1289 702 in
1326 655 1501 720 quibus

78 733 215 781 factae
245 744 358 780 sunt
385 734 607 798 plurimae
636 734 837 782 virtutes
872 736 995 799 ejus,
1028 734 1137 799 quia
1165 751 1264 782 non
1298 735 1504 798 egissent

77 812 416 875 poenitentiam
436 813 485 858 in
510 811 849 876 praedicatione
870 814 985 877 ejus.
1013 813 1118 859 Huc
1140 830 1288 878 usque
1311 829 1503 877 genera-

81 889 262 937 tionem
278 890 303 935 J
309 888 521 937 udaicam
539 891 861 938 communiter
876 891 1199 957 redarguerat,
1219 907 1350 936 nunc
1369 889 1501 954 quasi

79 968 367 1014 nominatim
391 969 601 1016 civitates
625 986 792 1016 eorum
816 969 1056 1034 increpat3
1091 972 1333 1033 praecipue
1354 967 1504 1014 Coro-

81 1044 199 1090 zaim
218 1080 232 1101 ,
270 1045 317 1092 id
347 1056 417 1093 est
449 1048 729 1109 mysterium
760 1064 942 1105 meum,
985 1044 1280 1094 Bethsaidam
1300 1080 1313 1104 ‚
1349 1044 1396 1090 id
1436 1053 1505 1091 est

83 1121 570 1186 demumst-actuum,
605 1134 652 1172 et
680 1123 1039 1189 Capharnamn,
1073 1124 1182 1188 quia
1216 1123 1326 1169 visis
1357 1122 1505 1187 signis

84 1211 132 1247 et
156 1200 382 1265 operibus
408 1203 622 1250 converti
647 1202 912 1249 noluerunt
931 1202 1022 1267 (2).

147 1278 328 1327 Deinde
347 1281 476 1326 Jesus
495 1282 595 1327 Deo
613 1282 736 1344 patri
757 1281 929 1345 gratias
945 1281 1066 1345 agit,
1084 1281 1194 1345 quia
1212 1277 1504 1344 sapientibus

83 1358 224 1405 seculi
251 1369 426 1405 secreta
451 1376 532 1405 sua
557 1358 807 1406 abscondit
830 1370 878 1407 et
910 1359 1118 1423 parvulis
1148 1357 1374 1406 revelavit
1408 1357 1500 1422 (3).

146 1435 392 1484 Pharisaeis
421 1437 880 1501 reprehendentibus
916 1436 1047 1503 quod
1081 1436 1300 1502 discipuli
1333 1434 1504 1482 sabba-

86 1514 170 1574 tis,
197 1513 313 1561 dum
336 1532 421 1579 per
449 1525 543 1562 sata
576 1516 726 1574 irent,
755 1516 903 1581 spicas
923 1516 1180 1573 vellerent,
1210 1526 1257 1563 et
1286 1512 1507 1562 manibus

82 1590 401 1641 confricantes
429 1593 792 1651 manducarent;
821 1594 1038 1643 Salvator
1063 1612 1142 1643 eos
1167 1593 1431 1649 excusavit,
1462 1602 1510 1640 et

83 1671 302 1736 exemplo
320 1671 378 1719 de
401 1671 549 1719 David
565 1683 612 1720 et
630 1671 859 1720 Abiathar
876 1673 1117 1730 sacerdote
1137 1672 1328 1738 prolato
1348 1670 1471 1718 dixit
1492 1691 1502 1716 :

84 1748 352 1796 Sabbatum
364 1761 566 1816 propter
581 1750 1029 1814 homz'nemfactum
1051 1762 1120 1799 est
1131 1789 1147 1811 ,
1176 1761 1222 1797 et
1246 1768 1344 1798 non
1368 1749 1507 1796 homo

82 1839 281 1893 propter
294 1827 568 1875 sabbatum.
589 1830 765 1894 Itaque
778 1830 1019 1877 Dominus
1039 1841 1108 1877 est
1123 1831 1173 1879 F
1170 1829 1283 1877 ilias
1300 1829 1507 1877 hominis

87 1906 233 1950 etiam
253 1904 450 1952 sabbati
467 1906 560 1969 (4).

154 1983 378 2030 Introivit
405 1984 579 2030 iterum
606 1983 803 2032 sabbato
835 1985 883 2031 in
914 1972 1228 2050 synagogam,
1257 1994 1304 2032 et
1327 1983 1507 2030 sanavit

88 2059 333 2108 hominem
353 2062 435 2127 qui
463 2061 663 2109 habebat
682 2080 879 2109 manum
897 2062 1095 2109 aridam.
1120 2062 1342 2109 Pharisaei
1359 2061 1507 2108 livore

88 2140 319 2187 commoti
344 2139 474 2206 quod
499 2141 630 2188 Jesus
653 2142 813 2188 omnia
837 2141 1045 2206 gloriose
1068 2140 1261 2206 agebat,
1284 2149 1508 2187 exeuntes

89 2234 198 2264 cum
235 2217 516 2266 Herodianis
561 2218 816 2267 consilium
859 2218 1079 2266 fecerunt
1112 2215 1357 2285 quomodo
1400 2233 1510 2264 eum

89 2296 362 2360 perderent.
405 2297 709 2363 Quapropter
754 2296 863 2345 inde
906 2297 1093 2345 secessit
1127 2306 1174 2344 et
1217 2295 1363 2344 secuti
1398 2305 1510 2341 sunt

90 2392 199 2422 eum
225 2375 364 2422 multi
390 2386 438 2424 et
462 2377 646 2423 curavit
666 2393 848 2424 omnes.

139 2591 191 2634 (ι)
209 2590 340 2625 Matth.
362 2603 416 2634 xi,
440 2602 550 2639 2-193
572 2591 656 2626 Luc.
676 2603 744 2635 vn,
771 2589 889 2625 18-52.
908 2610 953 2616 —
973 2591 1023 2636 (2)
1042 2589 1173 2625 Matth.
1195 2601 1250 2633 xi,
1274 2586 1401 2631 20-253
1422 2589 1508 2621 Luc.

96 2661 126 2689 x,
147 2648 264 2684 12-15.
280 2670 327 2677 --
339 2648 390 2694 (3)
405 2650 536 2686 Matth.
553 2663 599 2695 ιι,
615 2648 734 2686 25-30.
751 2671 797 2677 —
811 2651 862 2695 (4)
876 2650 1005 2686 Matth.
1025 2662 1084 2693 ιιι,
1106 2649 1311 2691 1-83Marc.
1327 2662 1369 2692 ιι,
1385 2645 1509 2682 afa-28:

97 2707 180 2741 Luc.
199 2719 253 2751 vx,
279 2707 345 2743 1-5.
