1738 3043
549 261 700 299 LIBER
731 260 1009 299 SECUNDUS.
1417 267 1494 304 2⁵:57

71 337 184 386 Erat
208 349 364 386 autem
389 339 607 387 doctrina
641 357 806 387 corum
843 358 1013 404 praxa,
1045 351 1091 388 et
1124 352 1289 389 contra
1324 343 1494 391 Domi-

70 434 187 463 num
215 426 356 482 atque
381 417 636 482 prophetas
669 415 852 463 lethalis
885 417 1191 483 blasphemia:
1226 420 1380 485 plena.
1412 424 1496 470 In—

68 494 395 559 gredientibns
423 497 470 542 in
499 494 734 542 Persidem
765 496 991 559 apostolis
1011 533 1023 553 ,
1053 497 1347 545 warardach
1375 519 1495 565 pra:-

67 572 220 620 fectus
257 584 303 621 et
343 573 440 620 dux
480 574 600 638 regis
632 572 1013 637 Babyloniorum
1055 576 1250 623 nomine.
1293 578 1490 635 Xerxis,

66 653 306 709 occurrit,
335 653 415 718 qui
448 662 614 699 eontra
652 651 794 699 Indos
830 651 1002 697 finium
1028 654 1228 699 Persidis
1256 656 1495 704 imasorcs

67 728 249 778 bellum
287 740 570 796 susceperat.
616 729 996 778 Advenientibus
1043 742 1200 779 autem
1241 736 1492 798 apostolis,

66 806 304 856 daemonia
322 843 335 865 ,
364 825 471 873 quae
495 807 692 873 singulis
716 807 1045 854 mansionibus
1074 807 1249 856 dabant
1274 829 1494 875 responsa

67 904 163 933 suae
190 886 388 933 fallaciae
410 885 811 942 sacrificantibus,
840 885 1208 934 obmutuerunt.
1236 888 1373 936 Unde
1398 891 1495 936 cul-

68 975 195 1012 tores
221 981 388 1012 eorum
409 964 466 1010 ad
490 964 656 1010 fanum
684 964 853 1010 vicinae
875 964 1078 1010 civitatis
1102 977 1350 1030 pergentes
1376 985 1498 1014 con-

66 1043 336 1091 suluerunt.
371 1044 523 1091 Porro
543 1043 735 1090 daemon
761 1043 998 1109 mugitum
1025 1043 1387 1092 consulentibus
1419 1046 1497 1093 de-

65 1121 155 1179 dit,
168 1133 214 1169 et
232 1121 380 1187 quod,
403 1120 718 1186 praesentibus
735 1121 960 1186 apostolis
974 1123 1057 1169 Dei
1075 1122 1270 1170 Simone
1292 1135 1336 1170 et
1357 1124 1492 1181 Juda,

64 1199 130 1246 dii
165 1217 333 1248 eorum
371 1200 502 1265 loqui
537 1217 636 1247 non
663 1210 884 1264 possent,
919 1201 1175 1248 intimavit.
1207 1203 1346 1248 Tunc
1372 1203 1497 1250 Wa-

65 1276 265 1324 rardach
293 1277 388 1323 dux
423 1278 662 1342 apostolos
695 1277 876 1342 inquiri
899 1277 1041 1334 fecit,
1071 1279 1290 1325 inventos
1314 1281 1394 1344 qui
1422 1298 1495 1327 es—

64 1365 171 1403 sent
188 1391 201 1411 ,
237 1355 311 1402 vel
340 1354 465 1402 unde
489 1355 729 1402 venissent
754 1355 1098 1421 interrogavit3
1130 1373 1303 1422 eosque
1334 1358 1391 1404 de
1415 1376 1496 1422 ge-

64 1451 179 1482 nere
189 1432 506 1480 Hebraeorum
520 1434 791 1479 communis
807 1450 942 1479 causa
958 1433 1120 1480 salutis
1134 1434 1245 1481 illuc
1256 1434 1496 1484 advenisse

63 1511 260 1559 audivit.
290 1512 507 1576 Cumque
534 1511 617 1559 illo
644 1521 843 1575 rogante
875 1521 930 1557 ut
963 1511 1052 1557 diis
1083 1513 1176 1558 suis
1209 1522 1494 1576 potestatem

61 1588 378 1655 respondendi
401 1588 595 1646 darent,
617 1598 664 1636 et
684 1588 751 1635 illi
771 1587 872 1635 fusa
892 1589 1111 1636 oratione
1135 1589 1488 1654 permisissent,

61 1667 254 1715 fanatici
274 1685 441 1716 eorum
467 1667 689 1731 protinus
708 1685 734 1714 a
759 1665 1060 1714 daemonibus
1084 1669 1261 1732 arrepti
1284 1680 1395 1715 sunt
1410 1706 1426 1729 ,
1448 1682 1494 1717 et

61 1745 239 1812 grande
278 1745 461 1794 bellum
501 1745 748 1800 futurum,
792 1755 934 1810 atque
970 1745 1149 1793 multos
1190 1764 1246 1793 ex
1290 1758 1494 1812 utraque

60 1835 195 1889 parte
220 1842 407 1871 casuros
437 1841 534 1871 esse
563 1823 806 1869 vaticinati
843 1833 971 1870 sunt.
1010 1822 1297 1870 Ridentibus
1331 1837 1491 1873 autem

59 1902 288 1968 apostolis
304 1939 314 1958 ,
342 1902 438 1949 dux
465 1902 658 1949 territus
683 1911 780 1957 est,
815 1901 894 1947 sed
927 1901 1037 1965 ipsis
1062 1900 1457 1965 persuadentibus
1474 1940 1486 1960 ‚

61 1981 239 2047 legatos
263 1981 388 2045 pacis
419 1997 567 2045 usque
601 1980 650 2025 in
683 1979 944 2025 crastinum
978 1977 1154 2025 ibidem
1188 1980 1490 2043 praestolatus

60 2069 147 2108 est.
175 2060 328 2107 Porro
358 2056 571 2123 profanis
605 2055 917 2120 pontificibus
955 2057 1001 2102 in
1037 2056 1276 2120 apostolos
1309 2067 1490 2104 stoma—

60 2137 340 2194 chantibus,
371 2147 417 2184 et
442 2152 709 2200 pannosos,
735 2134 945 2200 vilesque
970 2152 1193 2199 personas
1220 2136 1346 2182 inter
1369 2136 1486 2182 divi-

61 2219 146 2266 tias
161 2217 470 2283 babylonicas
490 2231 588 2262 non
608 2213 781 2261 debere
805 2214 933 2278 loqui
951 2249 964 2270 ‚
988 2213 1059 2259 vel
1085 2212 1262 2270 audiri,
1290 2232 1490 2262 asseren-

62 2295 218 2354 tibus,
257 2294 351 2341 dux
395 2291 634 2357 apostolos
679 2301 726 2339 et
765 2308 960 2338 vesanos
998 2290 1212 2338 flamines
1249 2309 1398 2357 usque
1437 2294 1484 2339 in

61 2375 321 2422 crastinum
353 2370 582 2419 custodiri
614 2371 869 2435 praecepit,
899 2369 1060 2435 ibique
1083 2370 1347 2435 apostolico
1373 2388 1487 2418 con-

60 2454 189 2502 sultu
212 2454 392 2501 exitum
419 2451 486 2497 rei
508 2449 841 2496 consideravit.

123 2529 350 2596 Sequenti
385 2527 460 2574 die
490 2525 693 2574 verbum
716 2524 1046 2589 apostolorum
1073 2526 1369 2590 completum
1395 2538 1481 2571 est.

59 2609 229 2656 Nuntii
266 2608 395 2655 enim
428 2605 560 2652 ducis
591 2621 699 2650 cum
732 2603 892 2667 legatis
928 2601 1161 2649 Indorum
1188 2603 1486 2650 velocissimo

61 2704 202 2734 cursu
221 2686 270 2733 in
286 2684 525 2732 dromedis
542 2682 715 2729 reversi
737 2691 849 2727 sunt
862 2716 875 2737 ‚
901 2672 954 2728 et·
965 2682 1127 2728 omnia
1154 2682 1215 2727 ita
1239 2694 1336 2731 esse
1365 2681 1486 2725 sieut

59 2764 258 2829 apostoli
296 2763 533 2827 prosecuti
566 2760 755 2808 fuerant
785 2757 1147 2805 nuntiaverunt.
1184 2757 1308 2804 Nam
1342 2768 1484 2803 terras

159 2862 192 2890 ι.
1232 2855 1288 2881 22
