1738 3043
139 228 217 266 ⁴36
505 227 745 265 HISTORIA
776 227 1177 266 ECCLESIASTlCA.

137 326 236 355 uno
271 306 511 354 mensibus
542 323 571 353 v
599 305 763 353 dicbus
798 323 846 353 x.
883 307 1024 353 Tunc
1051 317 1255 355 cometes
1279 308 1325 354 in
1352 307 1545 357 Oriente

134 396 331 450 augusto
363 402 522 431 mense
553 384 770 449 apparuit
793 420 805 439 ,
842 395 889 431 et
921 402 1006 448 per
1040 394 1132 432 tres
1166 403 1346 432 menses
1379 403 1403 432 a
1434 386 1545 451 galli

136 473 278 509 cantu
299 480 445 527 usquc
472 479 610 508 manc
636 462 682 507 in
711 461 870 507 multis
892 460 1166 524 regionibus
1186 463 1423 510 intuentes
1449 473 1545 510 ter*-

132 541 253 596 ruit‚
284 550 331 587 et
363 557 491 586 mors
521 538 771 586 hominum
801 537 859 584 ab
890 539 1084 586 Oriente
1115 541 1349 587 successit.
1383 540 1546 588 Donus

130 636 247 682 papa
272 617 465 663 diversis
492 614 755 663 honoribus
776 615 1018 679 ampliavit
1039 616 1135 678 (l),
1160 627 1207 663 et
1229 616 1472 681 episcopos
1495 632 1544 664 vl

131 695 439 743 consecravit.
477 693 660 741 Deinde
689 693 812 758 apud
837 693 1027 740 beatum
1055 694 1246 740 Petrum
1277 694 1544 758 apostolum

130 785 202 819 111⁰
243 774 343 820 idus
377 773 537 837 aprilis
574 772 783 836 sepultus
817 782 911 827 est,
950 781 997 818 et
1027 773 1218 819 cessavit.
1253 773 1547 838 episcopatus
1578 781 1580 783 '

131 852 371 899 mensibus
399 868 429 896 ιι
458 849 621 896 diebus
646 867 709 896 xv
732 850 825 912 (9).

195 927 380 993 Agatho
406 927 588 973 Siculus
616 926 735 974 sedit
753 926 889 972 anuis
906 943 939 972 11
959 926 1199 974 mensibus
1216 943 1266 974 v1
1284 927 1449 975 diebus
1470 944 1543 984 ιν,

129 1018 344 1071 tempore
385 1005 717 1061 Constantini,
755 1003 957 1051 Heraclii
993 1015 1039 1051 et
1081 1003 1264 1052 Tiberii
1306 1003 1549 1070 Augusto-

127 1102 250 1130 rum.
277 1085 414 1129 Tunc
445 1082 555 1128 luna
586 1081 815 1146 eclypsim
840 1098 1001 1128 mense
1026 1082 1165 1145 junio
1191 1099 1277 1146 per
1298 1081 1395 1129 dies
1424 1096 1548 1129 xvm

126 1179 253 1226 passa
279 1171 370 1217 est,
402 1172 448 1207 et
471 1159 703 1206 mirabilis
731 1159 994 1205 mortalitas
1026 1170 1181 1205 secuta
1213 1170 1301 1206 est¹
1327 1160 1549 1207 Parentes

128 1250 175 1286 et
212 1239 295 1286 filii
327 1237 428 1284 bini
468 1237 540 1284 vel
577 1237 699 1283 terni
732 1236 789 1283 ad
825 1237 1037 1301 sepulcra
1068 1236 1381 1284 ducebantur.
1410 1238 1548 1284 Tunc

127 1317 267 1381 legati
298 1315 570 1380 apostolicae
591 1314 709 1361 sedis
733 1314 791 1360 ab
814 1314 1178 1379 imperatoribus
1203 1315 1250 1362 in
1276 1314 1395 1363 urbe
1419 1315 1546 1380 regia

126 1394 390 1441 honorifice
417 1394 617 1457 suscepti
653 1404 787 1449 sunt,
815 1403 861 1440 et
888 1410 942 1439 CL
973 1394 1217 1458 episcopos
1239 1393 1546 1441 orientalium

125 1473 337 1537 partium
368 1470 425 1517 ad
459 1470 777 1517 disserendam
803 1470 945 1518 fidem
976 1471 1255 1519 catholicam
1288 1472 1337 1518 in
1361 1471 1547 1537 synodo

128 1549 333 1614 generali
368 1558 796 1612 congregaverunt.
833 1547 902 1593 lbi
939 1547 1171 1612 Georgius
1203 1549 1550 1595 Constantino-

127 1628 366 1692 politanus
397 1624 455 1671 ab
491 1624 654 1671 liaeresi
683 1626 929 1672 convictus
952 1626 1149 1690 quievit.
1179 1626 1402 1672 Pertinax
1433 1642 1548 1673 vero

128 1704 394 1751 Macharius
419 1703 748 1750 Antiochenus
774 1721 883 1749 cum
912 1703 1005 1748 suis
1032 1703 1308 1768 sequacibus
1335 1703 1548 1751 damnari

129 1783 323 1829 meruit.
346 1781 467 1828 Nam
492 1779 894 1845 generalijudicio
917 1781 1157 1845 depositus
1181 1791 1275 1838 est,
1305 1791 1352 1828 et
1378 1782 1427 1828 in
1451 1783 1551 1829 exi-

128 1860 247 1906 lium
273 1860 473 1905 Romam
490 1858 697 1905 directus
722 1868 807 1905 est.
838 1857 1175 1922 Theophanius
1195 1876 1308 1906 vero
1331 1856 1472 1905 abbas
1492 1857 1549 1906 de

132 1937 281 1984 insula
302 1936 531 1983 Siciliensi
562 1936 849 1983 constitutus
869 1946 954 1982 est.
976 1935 1161 2001 Agatho
1180 1955 1296 2001 papa
1319 1953 1440 1984 xvm
1457 1937 1549 2001 epi-

129 2033 295 2080 scopos
323 2016 633 2062 consecravit.
655 2015 743 2060 Hic
764 2018 828 2060 1v⁰
855 2013 956 2059 idus
973 2014 1179 2078 januarii
1203 2013 1327 2078 apud
1354 2013 1547 2061 beatum

132 2095 326 2141 Petrum
346 2093 614 2158 apostolum
633 2091 843 2157 sepultus
862 2102 957 2147 est,
981 2101 1027 2138 et
1045 2091 1236 2138 cessavit
1253 2091 1546 2156 episcopatus

133 2188 261 2218 anno
288 2187 386 2216 uno
409 2167 649 2216 mensibus
674 2185 741 2215 vn
766 2167 932 2214 diebus
956 2185 984 2213 v
1006 2167 1100 2231 (3).

181 2383 231 2426 (i)
260 2380 287 2414 ll
301 2381 379 2415 doit
394 2393 416 2425 y
432 2380 531 2414 avoir
543 2381 586 2414 ici
600 2392 650 2413 un
665 2386 742 2414 mot
753 2379 901 2422 d'omis;
916 2390 1009 2413 nous
1021 2390 1222 2426 supposous
1234 2391 1306 2427 que
1317 2391 1357 2414 ce
1371 2385 1459 2426 peut
1468 2379 1546 2415 &tre

137 2441 286 2475 clerum.

184 2501 233 2544 (2)
259 2499 293 2543 (2
313 2496 508 2531 novembre
526 2495 656 2543 676—11
681 2496 768 2530 avril
787 2495 885 2544 678.)

183 2558 231 2604 (5)
258 2558 316 2603 (26
330 2557 411 2603 juin
428 2557 563 2604 679-10
578 2556 718 2601 jam-ier
735 2555 832 2600 682.)
851 2556 950 2590 Tout
973 2555 1006 2589 le
1029 2555 1162 2590 monde
1180 2555 1247 2589 sait
1262 2553 1397 2601 qu’une
1414 2553 1546 2601 e'clipse

138 2632 182 2654 ne
208 2625 296 2666 peut
323 2629 385 2664 pas
406 2616 517 2650 duret·
541 2616 719 2663 plusieurs
739 2615 855 2661 jours.
885 2614 984 2650 Celle
1009 2614 1099 2648 dont
1122 2614 1147 2648 il
1174 2613 1277 2659 s'agit
1302 2612 1347 2646 ici
1373 2613 1487 2648 arriva
1511 2613 1546 2648 le

140 2691 180 2726 ¹7
196 2678 277 2723 juin
296 2676 377 2711 630.
398 2674 586 2710 Heraclius
604 2682 640 2708 et
654 2674 788 2709 'sibero
806 2674 939 2708 etaient
953 2673 1002 2707 les
1017 2673 1127 2707 freres
1141 2671 1185 2706 dc
1198 2672 1414 2707 constantin
1429 2672 1544 2719 Pogo-

136 2744 212 2772 nat.
239 2737 289 2771 Ce
307 2736 433 2782 prince
458 2734 508 2768 les
534 2733 665 2767 associa
687 2735 707 2766 ἐι
734 2745 768 2766 sa
794 2733 982 2778 puissance
1008 2730 1097 2765 dans
1116 2730 1147 2764 le
1164 2737 1475 2766 commencement
1498 2729 1543 2764 de
