1738 3043
185 261 260 296 ss
554 253 792 292 HISTORIA
826 253 1229 292 ECCLESIASTICA.

185 339 223 382 vi
246 337 425 383 nocuit.
452 336 775 397 lterumjussu
793 333 1091 397 proconsulis
1106 368 1117 388 ,
1135 333 1332 396 apel-(1)
1352 350 1374 379 a
1393 349 1492 380 xxx
1507 336 1603 382 mi-

187 414 347 460 litibus
372 412 622 467 adductus,
651 421 698 457 et
727 429 751 457 a
776 409 962 458 duobus
995 410 1299 457 venatoribus
1325 422 1395 458 est
1425 412 1604 476 impul-

185 511 286 546 sus,
327 490 404 537 scd
442 489 680 536 Andream
718 506 815 535 non
853 489 1037 553 attigit,
1075 499 1323 535 venatores
1357 499 1517 536 autem
1555 489 1604 536 in

188 569 333 614 frusta
351 567 623 630 discerpsit;
645 565 837 612 demum
862 564 1143 613 horribilem
1165 565 1450 629 grunnitum
1469 564 1603 622 dam,

187 646 354 692 eccidit
395 656 443 692 et
483 645 731 709 expiravit.
772 644 923 708 Igitur
964 643 1180 690 laudante
1219 643 1478 690 Dominum
1514 659 1608 707 po-

186 724 326 789 pulo,
357 723 548 788 angelus
570 723 692 769 risus
724 732 792 769 est
813 721 1103 768 descendisse
1127 721 1184 768 de
1217 721 1369 778 coelo,
1398 730 1445 769 et
1469 737 1608 768 sanc-

189 814 290 848 tum
324 801 405 848 Dei
439 798 743 848 confortabat
776 800 822 846 in
855 798 1024 847 stadio.
1061 800 1277 863 Denique
1308 816 1458 845 saevus
1487 815 1609 863 pro-

189 879 383 935 consul,
419 878 605 925 fervens
639 878 729 934 ira,
757 877 1104 924 ferocissimum
1132 876 1411 940 leopardum
1431 875 1608 922 dimitti

189 957 433 1020 praecepit.
466 955 693 1001 Dimissus
720 965 879 1001 autem
902 954 1170 1018 apostolum
1197 955 1421 1019 reliquit,
1453 953 1510 1000 ad
1540 971 1612 1001 se-

189 1033 296 1080 dem
321 1033 620 1096 proconsulis
653 1032 893 1089 ascendit,
922 1034 1112 1097 ejusque
1145 1031 1295 1079 fllium
1327 1032 1529 1096 arripuit
1561 1049 1614 1079 ac

191 1112 455 1159 sull'ocavit.
498 1111 678 1158 Verum
718 1111 861 1157 nimia
899 1110 1236 1175 proconsulem
1271 1110 1448 1156 insania
1481 1108 1616 1156 obti-

192 1191 324 1246 nnit;
361 1189 486 1236 unde
524 1189 581 1237 de
616 1188 756 1237 rebus
794 1190 934 1254 gestis
966 1206 1065 1236 non
1101 1188 1280 1246 doluit,
1316 1205 1405 1235 nec
1436 1186 1616 1253 aliquid

193 1269 329 1314 (lixit.
359 1268 498 1313 Tunc
522 1266 685 1314 beatus
710 1267 783 1313 vir
806 1267 1039 1331 populum
1063 1268 1109 1313 in
1130 1285 1292 1314 amore
1317 1266 1399 1313 Dei
1423 1264 1618 1314 confor-

196 1347 338 1403 tavit,
365 1363 416 1391 ac
441 1345 496 1391 ad
522 1344 928 1393 corroborandam
959 1345 1099 1392 fidem
1120 1362 1313 1402 eorum,
1335 1343 1616 1391 defunctum

195 1424 494 1489 proconsulis
519 1424 671 1470 lilium
699 1424 772 1487 (2)
800 1441 846 1469 sc
870 1424 1263 1470 resuscitaturum
1294 1422 1546 1486 promisit,
1572 1431 1620 1469 et

196 1513 462 1566 prostratus
481 1513 620 1548 terrae
639 1501 900 1548 diutissime
920 1503 1096 1557 oravit,
1122 1500 1505 1566 apprehensaque
1524 1498 1620 1547 suf-

198 1580 340 1625 focati
385 1596 524 1624 manu
543 1615 554 1634 ‚
598 1595 705 1624 cum
750 1579 796 1624 in
835 1580 1033 1625 nomine
1072 1579 1262 1625 Domini
1303 1578 1615 1624 resuscitavit.

201 1659 312 1703 Περι)
336 1657 548 1703 videntes
571 1656 762 1720 populi,
786 1656 937 1701 Deum
957 1656 1407 1720 magnificaverunt,
1434 1665 1480 1702 et
1495 1655 1622 1702 Viri-

201 1753 316 1781 num
341 1734 676 1798 proconsulem
692 1771 703 1791 ‚
729 1735 811 1799 qui
842 1734 1111 1780 incredulus
1140 1743 1303 1780 sancto
1327 1733 1414 1779 Dei
1435 1733 1622 1780 resiste*

202 1813 308 1871 bat,
348 1811 614 1858 interlicere
646 1811 929 1867 voluerunt3
960 1811 1037 1857 sed
1070 1810 1127 1856 ab
1162 1809 1378 1875 apostolo
1406 1809 1620 1874 permissi

203 1909 302 1937 non
343 1901 470 1935 sunt.
522 1889 783 1936 Proconsul
825 1899 981 1936 autem
1026 1888 1251 1937 confusus
1269 1925 1282 1945 ,
1325 1906 1346 1933 a
1390 1887 1622 1951 praetorio

204 1968 428 2014 discessit.

270 2046 482 2106 Quadam
506 2046 706 2093 muliere
730 2047 1008 2093 obsecrante
1023 2081 1035 2101 ,
1057 2044 1217 2092 beatus
1238 2045 1447 2091 Andreas
1472 2061 1621 2090 acces-

206 2125 266 2169 sit
297 2123 353 2169 ad
390 2140 556 2187 agrum
588 2122 669 2169 ubi
707 2133 855 2170 totam
883 2123 1123 2186 regionem
1159 2122 1399 2169 devastans
1433 2137 1625 2185 serpens

206 2213 332 2259 erat,
360 2201 672 2267 longitudinis
701 2202 1044 2266 quinquaginta
1074 2199 1365 2247 cubitorum.
1393 2198 1625 2264 Apostolo

206 2290 360 2327 antem
389 2280 803 2343 appropinquante
819 2315 830 2333 ‚
859 2278 989 2324 sibila
1012 2295 1179 2343 magna
1201 2278 1384 2333 emisit3
1405 2276 1629 2323 nimium-

207 2375 300 2422 que
317 2358 495 2403 territis
509 2356 732 2403 omnibus
748 2357 827 2421 qui
847 2356 1042 2402 aderant
1058 2393 1069 2413 ,
1093 2367 1250 2403 erecto
1269 2356 1421 2419 capite
1436 2353 1624 2402 obviam

258 2585 303 2626 ἰ,
331 2581 426 2614 Dans
446 2580 477 2614 le
496 2580 576 2614 saux
596 2581 753 2623 Alidias,
777 2582 861 2615 c'‹›st
883 2594 929 2615 nn
951 2589 1114 2616 taureau.

256 2641 307 2685 (¹2)
332 2641 387 2674 Au
406 2639 476 2673 lieu
494 2639 538 2673 dc
565 2652 621 2673 ‹va
642 2648 734 2674 mols
761 2656 766 2674 t
788 2641 1004 2687 dtjsutzclum
1021 2641 1408 2687 procmzsulisfilium,
1430 2649 1477 2672 on
1499 2644 1625 2671 trouve

212 2701 299 2733 dans
318 2700 350 2733 le
369 2700 567 2734 manuscrit
587 2700 631 2734 (le
651 2700 924 2736 Saint-livroult
949 2717 953 2734 2
981 2701 1194 2746 defunctam
1216 2699 1463 2746 proconsulis,
1484 2696 1547 2744 qui
1568 2695 1627 2730 n'a

215 2774 273 2792 mis
291 2759 334 2794 «lc
350 2772 438 2793 scus.
