1738 3043
649 185 804 226 LIBER
832 183 1112 223 SECUNDUS.
1512 181 1584 220 441

235 269 440 316 Joannes
475 267 695 323 Graecus,
731 265 850 313 sedit
881 265 1016 311 annis
1052 280 1107 311 ιιι
1143 260 1384 309 mensibus
1418 278 1453 308 11
1490 260 1594 308 die-

172 345 261 393 bus
283 363 370 393 xu.
395 344 733 393 Theofilatium
751 345 822 407 (i)
840 341 1095 390 exarchum
1116 340 1288 398 ltaliae,
1312 357 1372 387 ne
1393 340 1594 404 perime-

172 434 307 471 retur
329 442 353 469 a
381 422 701 470 tumultuante
725 419 905 485 populo
931 420 980 466 in
1011 418 1130 466 urbe
1157 419 1332 475 Roma,
1364 417 1458 463 suis
1486 433 1594 463 mo-

173 503 287 550 nitis
295 502 500 549 salvavit.
513 499 753 548 Gisulsum
763 516 956 565 quoque
966 497 1134 545 ducem
1145 494 1592 562 Longobardorum,

174 581 258 646 qui
284 581 332 627 in
358 580 610 644 Campania
637 577 852 625 incendia
872 587 919 626 et
943 576 1093 623 multa
1115 575 1233 623 mala
1259 573 1482 630 faciebat,
1507 590 1597 637 pro

176 658 371 723 captivis
396 657 558 703 multis
582 654 862 703 muneribus
895 655 1042 712 datis,
1076 654 1132 700 ad
1164 672 1244 700 sua
1279 653 1433 701 redire
1465 651 1594 699 fecit.

174 736 264 783 Hic
297 737 541 800 episcopos
570 751 633 782 xv
660 735 954 781 consecravit
988 743 1036 780 et
1060 733 1269 796 sepultus
1299 742 1368 779 est
1405 730 1461 776 ad
1483 730 1599 776 bea-

175 825 280 860 tum
305 814 528 870 Petrum,
557 824 603 860 et
638 812 830 860 cessavit
865 811 1159 876 episcopatus
1182 827 1343 858 mense
1367 826 1466 856 uno
1500 808 1600 855 die-

175 890 264 938 bus
287 907 410 939 xvul
431 891 526 956 (2).

240 971 446 1017 Joannes
476 969 697 1026 Graecus,
731 968 789 1017 de
823 979 956 1033 patre
987 968 1207 1025 Platone,
1240 967 1360 1015 sedit
1393 967 1528 1013 annis
1566 982 1601 1012 ιι

178 1047 420 1095 mensibus
440 1064 490 1095 v1
507 1047 673 1095 diebus
694 1065 814 1095 xvn.
840 1049 928 1094 Hic
947 1047 1289 1095 eruditissimus
1308 1056 1354 1092 et
1373 1043 1602 1091 facundus

179 1138 398 1192 tempore
423 1126 604 1174 Tiberii
632 1138 678 1174 et
700 1128 956 1175 Justiniani
985 1126 1177 1182 floruit,
1207 1136 1254 1172 et
1285 1114 1333 1171 in
1359 1122 1604 1171 cimiteriis

180 1216 485 1262 sanctorum,
519 1206 847 1271 ecclesiisque,
881 1205 1030 1252 multa
1048 1242 1061 1262 ‚
1096 1222 1203 1270 quae
1233 1204 1391 1250 diruta
1420 1201 1492 1249 vel
1521 1200 1606 1248 de-

181 1293 304 1330 tecta
338 1282 557 1340 fuerant,
590 1283 844 1348 diligenter
869 1281 1153 1330 emendavit.
1189 1282 1327 1328 Tunc
1356 1279 1606 1343 Aripertus

182 1359 460 1425 Raginberti
485 1361 855 1408 Taurinensium
885 1360 1016 1407 (lucis
1041 1359 1191 1416 filius,
1224 1376 1307 1405 rex
1334 1354 1608 1422 Langobar-

183 1438 354 1486 dorum
370 1475 383 1495 ,
410 1438 550 1503 Alpes
576 1438 757 1486 Cottias
781 1448 944 1486 sancto
968 1439 1110 1485 Petro
1131 1436 1361 1493 reddidit,
1388 1445 1435 1482 et
1459 1434 1609 1481 dona-

186 1517 372 1565 tionem
387 1516 559 1564 litteris
578 1517 730 1563 aureis
746 1526 981 1563 exaratam
998 1514 1296 1562 reformavit.
1317 1512 1609 1558 Justinianus

186 1595 466 1660 imperator,
484 1595 661 1643 auxilio
681 1594 890 1643 Terhelli
906 1594 1221 1659 Bulgarorum
1240 1593 1362 1657 regis
1376 1627 1388 1648 ,
1410 1607 1611 1655 regnum

186 1674 317 1740 quod
335 1675 552 1721 amiserat
570 1675 866 1739 recuperavit
880 1709 893 1731 ‚
920 1673 1202 1736 imperiique
1226 1672 1461 1717 invasores
1487 1669 1613 1715 Leo-

187 1770 300 1799 nem
320 1763 367 1799 et
385 1752 636 1799 Tiberium
654 1753 702 1798 in
723 1753 852 1799 circo
873 1769 1034 1798 coram
1053 1751 1185 1797 omni
1208 1748 1389 1813 populo
1405 1746 1611 1811 jugulari

188 1831 320 1878 fecit.
351 1831 556 1877 Joannes
580 1849 697 1895 papa
724 1847 807 1878 xn(
832 1830 1076 1894 episcopos
1100 1827 1357 1875 ordinavit.
1393 1823 1614 1889 Sepultus

191 1919 261 1957 est
292 1920 450 1956 autem
482 1909 539 1955 ad
573 1908 764 1956 beatum
799 1910 993 1956 Petrum
1027 1906 1297 1972 apostolum
1331 1914 1439 1951 ante
1470 1903 1614 1949 altare

193 1998 365 2034 sanctae
401 1987 484 2034 Dei
517 1987 761 2052 genitricis
796 1987 987 2044 Mariae,
1021 1984 1151 2051 quod
1184 1985 1281 2048 ipse
1314 1981 1611 2038 construxit,

195 2255 344 2291 dernier
365 2256 481 2291 arriva
495 2268 541 2291 cn
556 2257 660 2291 Frise
678 2269 723 2291 en
737 2256 818 2304 690.
841 2255 1049 2298 Britouald‚
1068 2254 1126 2289 elu
1145 2252 1370 2300 arclieveque
1390 2250 1435 2284 de
1458 2250 1615 2284 Cantor-

195 2315 275 2351 he'ri
296 2315 329 2350 le
352 2321 396 2350 ι’*
415 2315 539 2362 juillet
555 2315 643 2364 692,
667 2316 723 2352 sut
741 2318 840 2352 sacre
862 2315 894 2351 le
919 2315 1059 2363 29juiu
1078 2311 1165 2362 695,
1188 2326 1252 2360 par
1270 2310 1466 2352 Godouin,
1489 2307 1618 2343 arche-

197 2375 313 2423 veque
328 2375 374 2409 de
394 2376 507 2421 Lyon.

245 2435 296 2480 (ι)
329 2435 606 2482 ΤσαζΙὶΙηεΙιιηι,
634 2434 834 2469 manuscrit
861 2434 906 2469 de
933 2425 1221 2470 Saint-Evroult.
1252 2432 1350 2466 Lisez
1377 2446 1383 2464 :
1420 2426 1620 2473 Thmphs-

201 2494 309 2528 lacte.

246 2553 297 2598 (2)
322 2553 381 2599 (28
399 2553 547 2588 octobre
569 2554 835 2602 701-9janvier
852 2552 950 2602 705.)
971 2553 1086 2588 Rotre
1099 2558 1229 2587 auteur
1243 2564 1262 2586 a
1278 2547 1465 2585 interverti
1487 2544 1619 2579 l'ordre

203 2610 491 2661 chronologique
509 2613 570 2647 des
589 2612 683 2647 «loun
701 2615 931 2649 evene-ments
955 2612 1042 2660 qu'il
1063 2615 1212 2647 enonce.
1245 2612 1292 2645 Le
1317 2607 1474 2656 premier
1499 2611 1552 2639 cst
1575 2603 1620 2637 de

205 2682 290 2717 702,
311 2679 344 2705 ct
362 2672 395 2706 le
415 2672 606 2707 dcuxiiwnc
627 2672 671 2706 (1(ἱ
690 2686 767 2721 7οι.
