<?xml version="1.0" encoding="UTF-8"?>
<!DOCTYPE html PUBLIC "-//W3C//DTD XHTML 1.0 Transitional//EN"
    "http://www.w3.org/TR/xhtml1/DTD/xhtml1-transitional.dtd">
<html xmlns="http://www.w3.org/1999/xhtml" xml:lang="en" lang="en">
 <head>
  <title>
</title>
<meta http-equiv="Content-Type" content="text/html;charset=utf-8" />
  <meta name='ocr-system' content='tesseract 3.04.00' />
  <meta name='ocr-capabilities' content='ocr_page ocr_carea ocr_par ocr_line ocrx_word'/>
</head>
<body>
  <div class='ocr_page' id='page_1' title='image "./ordericivitalish01ordeuoft/ordericivitalish01ordeuoft_0098.png"; bbox 0 0 1738 3043; ppageno 0'>
   <div class='ocr_carea' id='block_1_1' title="bbox 213 251 1253 297">
    <p class='ocr_par' dir='ltr' id='par_1_1' title="bbox 213 251 1253 297">
     <span class='ocr_line' id='line_1_1' title="bbox 213 251 1253 297; baseline -0.007 0"><span class='ocrx_word' id='word_1_1' title='bbox 213 263 262 297; x_wconf 69' lang='grc'>8-2</span> <span class='ocrx_word' id='word_1_2' title='bbox 580 253 822 294; x_wconf 74' lang='lat' dir='ltr'>HISTORIA</span> <span class='ocrx_word' id='word_1_3' title='bbox 852 251 1253 292; x_wconf 74' lang='lat' dir='ltr'><strong>ECCLESIASTICA.</strong></span> 
     </span>
    </p>
   </div>
   <div class='ocr_carea' id='block_1_2' title="bbox 209 333 1635 2101">
    <p class='ocr_par' dir='ltr' id='par_1_2' title="bbox 213 333 1626 478">
     <span class='ocr_line' id='line_1_2' title="bbox 213 333 1626 391; baseline -0.003 -7"><span class='ocrx_word' id='word_1_4' title='bbox 213 337 470 386; x_wconf 77' lang='lat' dir='ltr'>secundum</span> <span class='ocrx_word' id='word_1_5' title='bbox 502 336 699 391; x_wconf 82' lang='lat' dir='ltr'>Lucam,</span> <span class='ocrx_word' id='word_1_6' title='bbox 729 333 849 380; x_wconf 83' lang='lat' dir='ltr'>dixit</span> <span class='ocrx_word' id='word_1_7' title='bbox 870 354 880 380; x_wconf 91' lang='lat'>:</span> <span class='ocrx_word' id='word_1_8' title='bbox 907 335 1068 391; x_wconf 80' lang='lat' dir='ltr'>Pater,</span> <span class='ocrx_word' id='word_1_9' title='bbox 1099 335 1147 379; x_wconf 83' lang='lat' dir='ltr'>in</span> <span class='ocrx_word' id='word_1_10' title='bbox 1167 350 1339 379; x_wconf 82' lang='lat' dir='ltr'>manus</span> <span class='ocrx_word' id='word_1_11' title='bbox 1361 343 1468 379; x_wconf 78' lang='lat' dir='ltr'>tuas</span> <span class='ocrx_word' id='word_1_12' title='bbox 1491 350 1626 380; x_wconf 83' lang='lat' dir='ltr'>com-</span> 
     </span>
     <span class='ocr_line' id='line_1_3' title="bbox 215 402 937 478; baseline -0.011 -13"><span class='ocrx_word' id='word_1_13' title='bbox 215 415 387 465; x_wconf 79' lang='lat' dir='ltr'>mendo</span> <span class='ocrx_word' id='word_1_14' title='bbox 412 415 633 478; x_wconf 77' lang='lat' dir='ltr'>spiritum</span> <span class='ocrx_word' id='word_1_15' title='bbox 660 430 816 459; x_wconf 81' lang='lat' dir='ltr'>meum</span> <span class='ocrx_word' id='word_1_16' title='bbox 841 402 937 476; x_wconf 84' lang='lat'><em>(1).</em></span> 
     </span>
    </p>

    <p class='ocr_par' dir='ltr' id='par_1_3' title="bbox 209 486 1635 1790">
     <span class='ocr_line' id='line_1_4' title="bbox 278 486 1627 554; baseline -0.005 -15"><span class='ocrx_word' id='word_1_17' title='bbox 278 492 347 539; x_wconf 74' lang='lat' dir='ltr'>Ad</span> <span class='ocrx_word' id='word_1_18' title='bbox 368 503 659 547; x_wconf 72' lang='lat' dir='ltr'>extremum,</span> <span class='ocrx_word' id='word_1_19' title='bbox 675 491 809 554; x_wconf 78' lang='lat' dir='ltr'>juxta</span> <span class='ocrx_word' id='word_1_20' title='bbox 827 490 1083 545; x_wconf 85' lang='lat' dir='ltr'>Joanncm,</span> <span class='ocrx_word' id='word_1_21' title='bbox 1106 505 1214 533; x_wconf 88' lang='lat' dir='ltr'>cum</span> <span class='ocrx_word' id='word_1_22' title='bbox 1233 487 1483 551; x_wconf 87' lang='lat' dir='ltr'>accepisset</span> <span class='ocrx_word' id='word_1_23' title='bbox 1496 486 1627 534; x_wconf 86' lang='lat' dir='ltr'>Jesus</span> 
     </span>
     <span class='ocr_line' id='line_1_5' title="bbox 212 565 1627 627; baseline -0.003 -12"><span class='ocrx_word' id='word_1_24' title='bbox 212 580 422 627; x_wconf 74' lang='lat' dir='ltr'>arctum,</span> <span class='ocrx_word' id='word_1_25' title='bbox 456 569 578 615; x_wconf 82' lang='lat' dir='ltr'>dixit</span> <span class='ocrx_word' id='word_1_26' title='bbox 612 587 622 613; x_wconf 90' lang='lat'><strong>:</strong></span> <span class='ocrx_word' id='word_1_27' title='bbox 655 569 1049 613; x_wconf 80' lang='lat' dir='ltr'>Consummamm.</span> <span class='ocrx_word' id='word_1_28' title='bbox 1077 577 1174 621; x_wconf 77' lang='lat' dir='ltr'>est,·</span> <span class='ocrx_word' id='word_1_29' title='bbox 1210 577 1257 612; x_wconf 89' lang='lat' dir='ltr'>ct</span> <span class='ocrx_word' id='word_1_30' title='bbox 1295 565 1523 612; x_wconf 86' lang='lat' dir='ltr'>inclinato</span> <span class='ocrx_word' id='word_1_31' title='bbox 1547 581 1627 611; x_wconf 86' lang='lat' dir='ltr'>ca-</span> 
     </span>
     <span class='ocr_line' id='line_1_6' title="bbox 212 642 1627 713; baseline -0.005 -18"><span class='ocrx_word' id='word_1_32' title='bbox 212 650 336 713; x_wconf 85' lang='lat' dir='ltr'>pite,</span> <span class='ocrx_word' id='word_1_33' title='bbox 370 646 562 694; x_wconf 84' lang='lat' dir='ltr'>tradidit</span> <span class='ocrx_word' id='word_1_34' title='bbox 583 645 822 710; x_wconf 84' lang='lat' dir='ltr'>spiritum.</span> <span class='ocrx_word' id='word_1_35' title='bbox 845 645 909 691; x_wconf 91' lang='lat' dir='ltr'>Et</span> <span class='ocrx_word' id='word_1_36' title='bbox 931 661 1037 692; x_wconf 87' lang='lat' dir='ltr'>ecce</span> <span class='ocrx_word' id='word_1_37' title='bbox 1059 643 1218 690; x_wconf 81' lang='lat' dir='ltr'>velum</span> <span class='ocrx_word' id='word_1_38' title='bbox 1244 642 1407 707; x_wconf 87' lang='lat' dir='ltr'>templi</span> <span class='ocrx_word' id='word_1_39' title='bbox 1434 643 1627 689; x_wconf 89' lang='lat' dir='ltr'>scissum</span> 
     </span>
     <span class='ocr_line' id='line_1_7' title="bbox 211 721 1627 788; baseline -0.005 -15"><span class='ocrx_word' id='word_1_40' title='bbox 211 737 281 773; x_wconf 87' lang='lat' dir='ltr'>est</span> <span class='ocrx_word' id='word_1_41' title='bbox 310 725 358 772; x_wconf 90' lang='lat' dir='ltr'>in</span> <span class='ocrx_word' id='word_1_42' title='bbox 382 725 495 772; x_wconf 89' lang='lat' dir='ltr'>duas</span> <span class='ocrx_word' id='word_1_43' title='bbox 524 734 681 788; x_wconf 84' lang='lat' dir='ltr'>partes</span> <span class='ocrx_word' id='word_1_44' title='bbox 712 740 735 768; x_wconf 89' lang='lat' dir='ltr'>a</span> <span class='ocrx_word' id='word_1_45' title='bbox 769 739 956 769; x_wconf 90' lang='lat' dir='ltr'>summo</span> <span class='ocrx_word' id='word_1_46' title='bbox 984 739 1131 787; x_wconf 86' lang='lat' dir='ltr'>usque</span> <span class='ocrx_word' id='word_1_47' title='bbox 1155 721 1403 778; x_wconf 89' lang='lat' dir='ltr'>deorsum,</span> <span class='ocrx_word' id='word_1_48' title='bbox 1431 731 1479 767; x_wconf 91' lang='lat' dir='ltr'>et</span> <span class='ocrx_word' id='word_1_49' title='bbox 1502 731 1627 767; x_wconf 85' lang='lat' dir='ltr'>terra</span> 
     </span>
     <span class='ocr_line' id='line_1_8' title="bbox 211 801 1628 867; baseline -0.005 -15"><span class='ocrx_word' id='word_1_50' title='bbox 211 816 341 852; x_wconf 85' lang='lat' dir='ltr'>mota</span> <span class='ocrx_word' id='word_1_51' title='bbox 364 814 458 861; x_wconf 87' lang='lat' dir='ltr'>cst,</span> <span class='ocrx_word' id='word_1_52' title='bbox 481 813 529 850; x_wconf 85' lang='lat' dir='ltr'>et</span> <span class='ocrx_word' id='word_1_53' title='bbox 552 813 701 867; x_wconf 83' lang='lat' dir='ltr'>petrae</span> <span class='ocrx_word' id='word_1_54' title='bbox 725 801 876 847; x_wconf 81' lang='lat' dir='ltr'>scissae</span> <span class='ocrx_word' id='word_1_55' title='bbox 904 811 1015 847; x_wconf 87' lang='lat' dir='ltr'>sunt</span> <span class='ocrx_word' id='word_1_56' title='bbox 1029 819 1041 857; x_wconf 80' lang='lat'>3</span> <span class='ocrx_word' id='word_1_57' title='bbox 1070 811 1117 846; x_wconf 77' lang='lat' dir='ltr'>ct</span> <span class='ocrx_word' id='word_1_58' title='bbox 1138 810 1449 847; x_wconf 88' lang='lat' dir='ltr'>monumenta</span> <span class='ocrx_word' id='word_1_59' title='bbox 1469 808 1628 863; x_wconf 83' lang='lat' dir='ltr'>aperta</span> 
     </span>
     <span class='ocr_line' id='line_1_9' title="bbox 209 877 1626 943; baseline -0.004 -14"><span class='ocrx_word' id='word_1_60' title='bbox 209 892 349 939; x_wconf 87' lang='lat' dir='ltr'>sunt,</span> <span class='ocrx_word' id='word_1_61' title='bbox 379 892 426 929; x_wconf 80' lang='lat' dir='ltr'>ct</span> <span class='ocrx_word' id='word_1_62' title='bbox 453 881 602 928; x_wconf 83' lang='lat' dir='ltr'>multa</span> <span class='ocrx_word' id='word_1_63' title='bbox 635 896 834 943; x_wconf 87' lang='lat' dir='ltr'>corpora</span> <span class='ocrx_word' id='word_1_64' title='bbox 860 890 1157 935; x_wconf 84' lang='lat' dir='ltr'>sanctorum,</span> <span class='ocrx_word' id='word_1_65' title='bbox 1188 879 1269 943; x_wconf 88' lang='lat' dir='ltr'>qui</span> <span class='ocrx_word' id='word_1_66' title='bbox 1305 877 1626 935; x_wconf 85' lang='lat' dir='ltr'>dormierant,</span> 
     </span>
     <span class='ocr_line' id='line_1_10' title="bbox 211 955 1632 1019; baseline -0.004 -13"><span class='ocrx_word' id='word_1_67' title='bbox 211 968 522 1006; x_wconf 76' lang='lat' dir='ltr'>surrexerunt</span> <span class='ocrx_word' id='word_1_68' title='bbox 532 976 544 1013; x_wconf 90' lang='lat'>;</span> <span class='ocrx_word' id='word_1_69' title='bbox 583 966 629 1003; x_wconf 87' lang='lat' dir='ltr'>et</span> <span class='ocrx_word' id='word_1_70' title='bbox 659 966 883 1003; x_wconf 83' lang='lat' dir='ltr'>exeuntes</span> <span class='ocrx_word' id='word_1_71' title='bbox 912 955 969 1001; x_wconf 87' lang='lat' dir='ltr'>de</span> <span class='ocrx_word' id='word_1_72' title='bbox 994 956 1318 1002; x_wconf 86' lang='lat' dir='ltr'>monumentis</span> <span class='ocrx_word' id='word_1_73' title='bbox 1340 965 1451 1019; x_wconf 91' lang='lat' dir='ltr'>post</span> <span class='ocrx_word' id='word_1_74' title='bbox 1471 971 1632 1002; x_wconf 89' lang='lat' dir='ltr'>resur-</span> 
     </span>
     <span class='ocr_line' id='line_1_11' title="bbox 210 1030 1631 1096; baseline -0.004 -14"><span class='ocrx_word' id='word_1_75' title='bbox 210 1036 476 1083; x_wconf 80' lang='lat' dir='ltr'>rectionem</span> <span class='ocrx_word' id='word_1_76' title='bbox 494 1035 591 1096; x_wconf 84' lang='lat' dir='ltr'>ejus</span> <span class='ocrx_word' id='word_1_77' title='bbox 605 1067 618 1088; x_wconf 93' lang='lat'><strong><em>,</em></strong></span> <span class='ocrx_word' id='word_1_78' title='bbox 645 1042 881 1078; x_wconf 83' lang='lat' dir='ltr'>venerunt</span> <span class='ocrx_word' id='word_1_79' title='bbox 900 1030 949 1076; x_wconf 90' lang='lat' dir='ltr'>in</span> <span class='ocrx_word' id='word_1_80' title='bbox 969 1042 1177 1077; x_wconf 86' lang='lat' dir='ltr'>sanctam</span> <span class='ocrx_word' id='word_1_81' title='bbox 1197 1031 1462 1088; x_wconf 86' lang='lat' dir='ltr'>civitatem,</span> <span class='ocrx_word' id='word_1_82' title='bbox 1490 1041 1538 1078; x_wconf 87' lang='lat' dir='ltr'>et</span> <span class='ocrx_word' id='word_1_83' title='bbox 1557 1047 1631 1094; x_wconf 83' lang='lat' dir='ltr'>ap·</span> 
     </span>
     <span class='ocr_line' id='line_1_12' title="bbox 210 1108 1633 1177; baseline -0.002 -18"><span class='ocrx_word' id='word_1_84' title='bbox 210 1122 475 1177; x_wconf 83' lang='lat' dir='ltr'>paruerunt</span> <span class='ocrx_word' id='word_1_85' title='bbox 491 1110 670 1157; x_wconf 87' lang='lat' dir='ltr'>multis.</span> <span class='ocrx_word' id='word_1_86' title='bbox 694 1108 925 1156; x_wconf 85' lang='lat' dir='ltr'>Centurio</span> <span class='ocrx_word' id='word_1_87' title='bbox 945 1118 991 1156; x_wconf 87' lang='lat' dir='ltr'>et</span> <span class='ocrx_word' id='word_1_88' title='bbox 1017 1109 1098 1173; x_wconf 88' lang='lat' dir='ltr'>qui</span> <span class='ocrx_word' id='word_1_89' title='bbox 1127 1127 1238 1156; x_wconf 89' lang='lat' dir='ltr'>cum</span> <span class='ocrx_word' id='word_1_90' title='bbox 1262 1127 1318 1157; x_wconf 88' lang='lat' dir='ltr'>eo</span> <span class='ocrx_word' id='word_1_91' title='bbox 1344 1120 1503 1166; x_wconf 89' lang='lat' dir='ltr'>erant,</span> <span class='ocrx_word' id='word_1_92' title='bbox 1525 1125 1633 1156; x_wconf 89' lang='lat' dir='ltr'>cus-</span> 
     </span>
     <span class='ocr_line' id='line_1_13' title="bbox 211 1185 1629 1251; baseline -0.003 -15"><span class='ocrx_word' id='word_1_93' title='bbox 211 1189 446 1237; x_wconf 85' lang='lat' dir='ltr'>todientes</span> <span class='ocrx_word' id='word_1_94' title='bbox 464 1188 622 1234; x_wconf 84' lang='lat' dir='ltr'>Jesum</span> <span class='ocrx_word' id='word_1_95' title='bbox 637 1221 650 1243; x_wconf 92' lang='lat'><strong><em>,</em></strong></span> <span class='ocrx_word' id='word_1_96' title='bbox 675 1187 777 1233; x_wconf 85' lang='lat' dir='ltr'>viso</span> <span class='ocrx_word' id='word_1_97' title='bbox 805 1196 946 1232; x_wconf 88' lang='lat' dir='ltr'>terrae</span> <span class='ocrx_word' id='word_1_98' title='bbox 967 1196 1104 1232; x_wconf 91' lang='lat' dir='ltr'>motu</span> <span class='ocrx_word' id='word_1_99' title='bbox 1127 1196 1174 1232; x_wconf 89' lang='lat' dir='ltr'>et</span> <span class='ocrx_word' id='word_1_100' title='bbox 1203 1185 1274 1232; x_wconf 88' lang='lat' dir='ltr'>his</span> <span class='ocrx_word' id='word_1_101' title='bbox 1294 1203 1401 1251; x_wconf 84' lang='lat' dir='ltr'>quae</span> <span class='ocrx_word' id='word_1_102' title='bbox 1427 1185 1629 1244; x_wconf 87' lang='lat' dir='ltr'>fiebant,</span> 
     </span>
     <span class='ocr_line' id='line_1_14' title="bbox 213 1263 1628 1320; baseline -0.004 -7"><span class='ocrx_word' id='word_1_103' title='bbox 213 1269 479 1313; x_wconf 86' lang='lat' dir='ltr'>timuerunt</span> <span class='ocrx_word' id='word_1_104' title='bbox 498 1263 654 1320; x_wconf 70' lang='lat' dir='ltr'>valde,</span> <span class='ocrx_word' id='word_1_105' title='bbox 676 1263 886 1310; x_wconf 89' lang='lat' dir='ltr'>dicentes</span> <span class='ocrx_word' id='word_1_106' title='bbox 910 1281 920 1306; x_wconf 72' lang='grc' dir='ltr'><em>τ</em></span> <span class='ocrx_word' id='word_1_107' title='bbox 949 1263 1076 1309; x_wconf 83' lang='lat' dir='ltr'>Vere</span> <span class='ocrx_word' id='word_1_108' title='bbox 1100 1264 1152 1309; x_wconf 87' lang='lat' dir='ltr'><em>F</em></span> <span class='ocrx_word' id='word_1_109' title='bbox 1150 1263 1262 1310; x_wconf 78' lang='lat' dir='ltr'>ilius</span> <span class='ocrx_word' id='word_1_110' title='bbox 1281 1263 1379 1310; x_wconf 78' lang='lat' dir='ltr'>Dei</span> <span class='ocrx_word' id='word_1_111' title='bbox 1400 1273 1503 1309; x_wconf 84' lang='lat' dir='ltr'>erat</span> <span class='ocrx_word' id='word_1_112' title='bbox 1526 1263 1628 1309; x_wconf 76' lang='lat' dir='ltr'>iste.</span> 
     </span>
     <span class='ocr_line' id='line_1_15' title="bbox 213 1339 1635 1406; baseline -0.004 -16"><span class='ocrx_word' id='word_1_113' title='bbox 213 1343 282 1390; x_wconf 89' lang='lat' dir='ltr'>lbi</span> <span class='ocrx_word' id='word_1_114' title='bbox 316 1342 461 1390; x_wconf 87' lang='lat' dir='ltr'>Maria</span> <span class='ocrx_word' id='word_1_115' title='bbox 494 1340 795 1406; x_wconf 82' lang='lat' dir='ltr'>Magdalenc,</span> <span class='ocrx_word' id='word_1_116' title='bbox 823 1349 869 1387; x_wconf 90' lang='lat' dir='ltr'>et</span> <span class='ocrx_word' id='word_1_117' title='bbox 892 1339 1038 1386; x_wconf 86' lang='lat' dir='ltr'>Maria</span> <span class='ocrx_word' id='word_1_118' title='bbox 1065 1339 1227 1387; x_wconf 84' lang='lat' dir='ltr'>Jacobi</span> <span class='ocrx_word' id='word_1_119' title='bbox 1257 1350 1305 1387; x_wconf 85' lang='lat' dir='ltr'>et</span> <span class='ocrx_word' id='word_1_120' title='bbox 1331 1339 1504 1404; x_wconf 85' lang='lat' dir='ltr'>Joseph</span> <span class='ocrx_word' id='word_1_121' title='bbox 1529 1356 1635 1386; x_wconf 84' lang='lat' dir='ltr'>ma-</span> 
     </span>
     <span class='ocr_line' id='line_1_16' title="bbox 213 1416 1632 1477; baseline -0.002 -10"><span class='ocrx_word' id='word_1_122' title='bbox 213 1433 305 1477; x_wconf 85' lang='lat' dir='ltr'>ter,</span> <span class='ocrx_word' id='word_1_123' title='bbox 325 1431 371 1467; x_wconf 87' lang='lat' dir='ltr'>et</span> <span class='ocrx_word' id='word_1_124' title='bbox 388 1428 540 1466; x_wconf 85' lang='lat' dir='ltr'>mater</span> <span class='ocrx_word' id='word_1_125' title='bbox 559 1418 770 1465; x_wconf 89' lang='lat' dir='ltr'>filiorum</span> <span class='ocrx_word' id='word_1_126' title='bbox 787 1416 1029 1476; x_wconf 81' lang='lat' dir='ltr'>Zebedaei,</span> <span class='ocrx_word' id='word_1_127' title='bbox 1049 1428 1096 1465; x_wconf 88' lang='lat' dir='ltr'>et</span> <span class='ocrx_word' id='word_1_128' title='bbox 1110 1417 1213 1464; x_wconf 79' lang='lat' dir='ltr'>aliae</span> <span class='ocrx_word' id='word_1_129' title='bbox 1232 1418 1396 1464; x_wconf 82' lang='lat' dir='ltr'>multae</span> <span class='ocrx_word' id='word_1_130' title='bbox 1412 1417 1632 1464; x_wconf 88' lang='lat' dir='ltr'>mulieres</span> 
     </span>
     <span class='ocr_line' id='line_1_17' title="bbox 215 1494 1635 1560; baseline -0.003 -16"><span class='ocrx_word' id='word_1_131' title='bbox 215 1516 240 1544; x_wconf 85' lang='lat' dir='ltr'>a</span> <span class='ocrx_word' id='word_1_132' title='bbox 270 1497 410 1560; x_wconf 74' lang='lat' dir='ltr'>longe</span> <span class='ocrx_word' id='word_1_133' title='bbox 437 1505 600 1552; x_wconf 84' lang='lat' dir='ltr'>erant,</span> <span class='ocrx_word' id='word_1_134' title='bbox 636 1512 769 1560; x_wconf 83' lang='lat' dir='ltr'>quae,</span> <span class='ocrx_word' id='word_1_135' title='bbox 794 1504 966 1541; x_wconf 82' lang='lat' dir='ltr'>secutae</span> <span class='ocrx_word' id='word_1_136' title='bbox 989 1495 1148 1541; x_wconf 90' lang='lat' dir='ltr'>Jesum</span> <span class='ocrx_word' id='word_1_137' title='bbox 1171 1512 1195 1540; x_wconf 88' lang='lat' dir='ltr'>a</span> <span class='ocrx_word' id='word_1_138' title='bbox 1221 1494 1412 1542; x_wconf 69' lang='lat' dir='ltr'>Galilaea</span> <span class='ocrx_word' id='word_1_139' title='bbox 1429 1529 1443 1552; x_wconf 89' lang='lat'><em>,</em></span> <span class='ocrx_word' id='word_1_140' title='bbox 1469 1495 1510 1541; x_wconf 91' lang='lat' dir='ltr'>ei</span> <span class='ocrx_word' id='word_1_141' title='bbox 1541 1495 1635 1540; x_wconf 90' lang='lat' dir='ltr'>mi-</span> 
     </span>
     <span class='ocr_line' id='line_1_18' title="bbox 216 1570 1635 1636; baseline -0.002 -15"><span class='ocrx_word' id='word_1_142' title='bbox 216 1573 501 1622; x_wconf 83' lang='lat' dir='ltr'>nistrabant.</span> <span class='ocrx_word' id='word_1_143' title='bbox 538 1573 736 1629; x_wconf 89' lang='lat' dir='ltr'>Omnes,</span> <span class='ocrx_word' id='word_1_144' title='bbox 776 1572 858 1636; x_wconf 90' lang='lat' dir='ltr'>qui</span> <span class='ocrx_word' id='word_1_145' title='bbox 895 1571 1036 1617; x_wconf 86' lang='lat' dir='ltr'>simul</span> <span class='ocrx_word' id='word_1_146' title='bbox 1067 1570 1123 1617; x_wconf 83' lang='lat' dir='ltr'>ad</span> <span class='ocrx_word' id='word_1_147' title='bbox 1165 1572 1485 1636; x_wconf 84' lang='lat' dir='ltr'>spectaculum</span> <span class='ocrx_word' id='word_1_148' title='bbox 1521 1571 1635 1618; x_wconf 86' lang='lat' dir='ltr'>ade-</span> 
     </span>
     <span class='ocr_line' id='line_1_19' title="bbox 218 1647 1633 1715; baseline -0.001 -18"><span class='ocrx_word' id='word_1_149' title='bbox 218 1663 351 1708; x_wconf 86' lang='lat' dir='ltr'>rant,</span> <span class='ocrx_word' id='word_1_150' title='bbox 386 1650 599 1697; x_wconf 55' lang='lat' dir='ltr'>videntes</span> <span class='ocrx_word' id='word_1_151' title='bbox 638 1667 744 1714; x_wconf 87' lang='lat' dir='ltr'>quae</span> <span class='ocrx_word' id='word_1_152' title='bbox 786 1647 962 1695; x_wconf 88' lang='lat' dir='ltr'>fiebant</span> <span class='ocrx_word' id='word_1_153' title='bbox 974 1683 988 1706; x_wconf 91' lang='lat'><em>‚</em></span> <span class='ocrx_word' id='word_1_154' title='bbox 1027 1648 1279 1697; x_wconf 88' lang='lat' dir='ltr'>tundentes</span> <span class='ocrx_word' id='word_1_155' title='bbox 1319 1661 1511 1715; x_wconf 84' lang='lat' dir='ltr'>pectora</span> <span class='ocrx_word' id='word_1_156' title='bbox 1552 1667 1633 1697; x_wconf 87' lang='lat' dir='ltr'>sua</span> 
     </span>
     <span class='ocr_line' id='line_1_20' title="bbox 222 1728 554 1790; baseline -0.009 -13"><span class='ocrx_word' id='word_1_157' title='bbox 222 1729 441 1777; x_wconf 84' lang='lat' dir='ltr'>redibant</span> <span class='ocrx_word' id='word_1_158' title='bbox 465 1728 554 1790; x_wconf 83' lang='lat'>(2).</span> 
     </span>
    </p>

    <p class='ocr_par' dir='ltr' id='par_1_4' title="bbox 221 1803 1635 2101">
     <span class='ocr_line' id='line_1_21' title="bbox 284 1803 1633 1869; baseline -0.001 -16"><span class='ocrx_word' id='word_1_159' title='bbox 284 1808 405 1853; x_wconf 91' lang='lat' dir='ltr'>Cum</span> <span class='ocrx_word' id='word_1_160' title='bbox 428 1807 526 1869; x_wconf 87' lang='lat' dir='ltr'>jam</span> <span class='ocrx_word' id='word_1_161' title='bbox 561 1821 666 1852; x_wconf 89' lang='lat' dir='ltr'>sero</span> <span class='ocrx_word' id='word_1_162' title='bbox 691 1804 872 1850; x_wconf 85' lang='lat' dir='ltr'>sactum</span> <span class='ocrx_word' id='word_1_163' title='bbox 898 1815 1041 1863; x_wconf 83' lang='lat' dir='ltr'>esset,</span> <span class='ocrx_word' id='word_1_164' title='bbox 1076 1804 1249 1869; x_wconf 86' lang='lat' dir='ltr'>Joseph</span> <span class='ocrx_word' id='word_1_165' title='bbox 1284 1803 1343 1851; x_wconf 88' lang='lat' dir='ltr'>ab</span> <span class='ocrx_word' id='word_1_166' title='bbox 1372 1804 1633 1852; x_wconf 87' lang='lat' dir='ltr'>Arimathia</span> 
     </span>
     <span class='ocr_line' id='line_1_22' title="bbox 221 1879 1635 1947; baseline -0.001 -15"><span class='ocrx_word' id='word_1_167' title='bbox 221 1883 396 1932; x_wconf 89' lang='lat' dir='ltr'>nobilis</span> <span class='ocrx_word' id='word_1_168' title='bbox 424 1882 648 1938; x_wconf 88' lang='lat' dir='ltr'>decurio,</span> <span class='ocrx_word' id='word_1_169' title='bbox 684 1882 758 1927; x_wconf 65' lang='lat' dir='ltr'>vir</span> <span class='ocrx_word' id='word_1_170' title='bbox 790 1879 945 1928; x_wconf 87' lang='lat' dir='ltr'>bonus</span> <span class='ocrx_word' id='word_1_171' title='bbox 970 1892 1017 1928; x_wconf 89' lang='lat' dir='ltr'>et</span> <span class='ocrx_word' id='word_1_172' title='bbox 1039 1884 1215 1945; x_wconf 86' lang='lat' dir='ltr'>justus,</span> <span class='ocrx_word' id='word_1_173' title='bbox 1244 1892 1493 1947; x_wconf 82' lang='lat' dir='ltr'>expectans</span> <span class='ocrx_word' id='word_1_174' title='bbox 1526 1900 1635 1947; x_wconf 83' lang='lat' dir='ltr'>reg-</span> 
     </span>
     <span class='ocr_line' id='line_1_23' title="bbox 223 1959 1633 2024; baseline -0.002 -15"><span class='ocrx_word' id='word_1_175' title='bbox 223 1980 339 2009; x_wconf 88' lang='lat' dir='ltr'>num</span> <span class='ocrx_word' id='word_1_176' title='bbox 361 1961 474 2020; x_wconf 88' lang='lat' dir='ltr'>Dei,</span> <span class='ocrx_word' id='word_1_177' title='bbox 497 1960 711 2006; x_wconf 87' lang='lat' dir='ltr'>occultus</span> <span class='ocrx_word' id='word_1_178' title='bbox 736 1969 892 2007; x_wconf 86' lang='lat' dir='ltr'>tamen</span> <span class='ocrx_word' id='word_1_179' title='bbox 920 1971 1118 2024; x_wconf 88' lang='lat' dir='ltr'>propter</span> <span class='ocrx_word' id='word_1_180' title='bbox 1149 1971 1330 2007; x_wconf 90' lang='lat' dir='ltr'>metum</span> <span class='ocrx_word' id='word_1_181' title='bbox 1358 1959 1633 2008; x_wconf 87' lang='lat' dir='ltr'>Judaeorum</span> 
     </span>
     <span class='ocr_line' id='line_1_24' title="bbox 222 2035 1634 2101; baseline -0.001 -15"><span class='ocrx_word' id='word_1_182' title='bbox 222 2040 331 2086; x_wconf 88' lang='lat' dir='ltr'>Jesu</span> <span class='ocrx_word' id='word_1_183' title='bbox 354 2037 634 2101; x_wconf 85' lang='lat' dir='ltr'>discipulus,</span> <span class='ocrx_word' id='word_1_184' title='bbox 656 2035 712 2082; x_wconf 89' lang='lat' dir='ltr'>ad</span> <span class='ocrx_word' id='word_1_185' title='bbox 727 2036 932 2083; x_wconf 82' lang='lat' dir='ltr'>Pilatum</span> <span class='ocrx_word' id='word_1_186' title='bbox 949 2036 1167 2084; x_wconf 86' lang='lat' dir='ltr'>audacter</span> <span class='ocrx_word' id='word_1_187' title='bbox 1184 2037 1398 2096; x_wconf 88' lang='lat' dir='ltr'>accessit,</span> <span class='ocrx_word' id='word_1_188' title='bbox 1425 2046 1472 2085; x_wconf 89' lang='lat' dir='ltr'>et</span> <span class='ocrx_word' id='word_1_189' title='bbox 1495 2035 1554 2083; x_wconf 89' lang='lat' dir='ltr'>ab</span> <span class='ocrx_word' id='word_1_190' title='bbox 1576 2053 1634 2085; x_wconf 87' lang='lat' dir='ltr'>eo</span> 
     </span>
    </p>
   </div>
   <div class='ocr_carea' id='block_1_3' title="bbox 226 2279 1635 2793">
    <p class='ocr_par' dir='ltr' id='par_1_5' title="bbox 226 2279 1635 2670">
     <span class='ocr_line' id='line_1_25' title="bbox 274 2279 1633 2328; baseline 0 -12"><span class='ocrx_word' id='word_1_191' title='bbox 274 2285 325 2328; x_wconf 71' lang='grc' dir='ltr'>(ι’)</span> <span class='ocrx_word' id='word_1_192' title='bbox 351 2282 482 2316; x_wconf 78' lang='lat' dir='ltr'>Matth.</span> <span class='ocrx_word' id='word_1_193' title='bbox 514 2293 637 2324; x_wconf 78' lang='lat' dir='ltr'>xxvu,</span> <span class='ocrx_word' id='word_1_194' title='bbox 671 2279 802 2328; x_wconf 67' lang='lat'><strong>45-49;</strong></span> <span class='ocrx_word' id='word_1_195' title='bbox 834 2282 945 2316; x_wconf 82' lang='lat' dir='ltr'>Marc.</span> <span class='ocrx_word' id='word_1_196' title='bbox 973 2292 1035 2325; x_wconf 80' lang='lat' dir='ltr'>xv,</span> <span class='ocrx_word' id='word_1_197' title='bbox 1066 2279 1196 2324; x_wconf 53' lang='lat' dir='ltr'>ffl-Sffi</span> <span class='ocrx_word' id='word_1_198' title='bbox 1229 2281 1314 2316; x_wconf 87' lang='lat' dir='ltr'>Luc.</span> <span class='ocrx_word' id='word_1_199' title='bbox 1347 2293 1467 2326; x_wconf 79' lang='lat' dir='ltr'>xxnx,</span> <span class='ocrx_word' id='word_1_200' title='bbox 1497 2279 1633 2325; x_wconf 69' lang='lat'><strong><em>44-463</em></strong></span> 
     </span>
     <span class='ocr_line' id='line_1_26' title="bbox 226 2339 1631 2389; baseline 0 -14"><span class='ocrx_word' id='word_1_201' title='bbox 226 2342 354 2375; x_wconf 80' lang='lat' dir='ltr'>Joanu.</span> <span class='ocrx_word' id='word_1_202' title='bbox 373 2352 450 2381; x_wconf 74' lang='lat' dir='ltr'>xix,</span> <span class='ocrx_word' id='word_1_203' title='bbox 470 2339 525 2381; x_wconf 80' lang='lat'>28,</span> <span class='ocrx_word' id='word_1_204' title='bbox 541 2351 598 2385; x_wconf 82' lang='lat'>29.</span> <span class='ocrx_word' id='word_1_205' title='bbox 616 2340 680 2374; x_wconf 80' lang='lat' dir='ltr'>Les</span> <span class='ocrx_word' id='word_1_206' title='bbox 693 2340 832 2386; x_wconf 66' lang='lat' dir='ltr'>pai-oles</span> <span class='ocrx_word' id='word_1_207' title='bbox 845 2352 916 2387; x_wconf 83' lang='lat' dir='ltr'>que</span> <span class='ocrx_word' id='word_1_208' title='bbox 927 2341 1175 2376; x_wconf 81' lang='lat' dir='ltr'>Je&#39;sus-Cln-ist</span> <span class='ocrx_word' id='word_1_209' title='bbox 1190 2353 1376 2389; x_wconf 69' lang='lat' dir='ltr'>prononca</span> <span class='ocrx_word' id='word_1_210' title='bbox 1385 2354 1448 2377; x_wconf 81' lang='lat' dir='ltr'>sur</span> <span class='ocrx_word' id='word_1_211' title='bbox 1460 2341 1493 2376; x_wconf 86' lang='lat' dir='ltr'>la</span> <span class='ocrx_word' id='word_1_212' title='bbox 1507 2341 1606 2376; x_wconf 84' lang='lat' dir='ltr'>croix</span> <span class='ocrx_word' id='word_1_213' title='bbox 1624 2356 1631 2375; x_wconf 90' lang='lat'>:</span> 
     </span>
     <span class='ocr_line' id='line_1_27' title="bbox 228 2396 1635 2448; baseline 0.002 -16"><span class='ocrx_word' id='word_1_214' title='bbox 228 2398 311 2440; x_wconf 78' lang='lat' dir='ltr'><em>Eli,</em></span> <span class='ocrx_word' id='word_1_215' title='bbox 332 2399 392 2434; x_wconf 75' lang='lat' dir='ltr'>eli,</span> <span class='ocrx_word' id='word_1_216' title='bbox 416 2398 513 2431; x_wconf 81' lang='lat' dir='ltr'>lama</span> <span class='ocrx_word' id='word_1_217' title='bbox 531 2396 769 2431; x_wconf 74' lang='lat' dir='ltr'>sabachtani!</span> <span class='ocrx_word' id='word_1_218' title='bbox 789 2399 1067 2445; x_wconf 79' lang='lat' dir='ltr'>apparticnncnt</span> <span class='ocrx_word' id='word_1_219' title='bbox 1086 2412 1128 2433; x_wconf 85' lang='lat' dir='ltr'>au</span> <span class='ocrx_word' id='word_1_220' title='bbox 1147 2400 1298 2435; x_wconf 85' lang='lat' dir='ltr'>dialcete</span> <span class='ocrx_word' id='word_1_221' title='bbox 1317 2399 1635 2448; x_wconf 76' lang='lat' dir='ltr'>syro—chalda’ique</span> 
     </span>
     <span class='ocr_line' id='line_1_28' title="bbox 228 2456 1634 2507; baseline 0.004 -17"><span class='ocrx_word' id='word_1_222' title='bbox 228 2458 337 2505; x_wconf 76' lang='lat' dir='ltr'>qu&#39;on</span> <span class='ocrx_word' id='word_1_223' title='bbox 366 2456 493 2503; x_wconf 77' lang='lat' dir='ltr'>parlait</span> <span class='ocrx_word' id='word_1_224' title='bbox 513 2459 531 2490; x_wconf 72' lang='grc' dir='ltr'>ἐι</span> <span class='ocrx_word' id='word_1_225' title='bbox 550 2457 748 2491; x_wconf 54' lang='lat' dir='ltr'>Jerusalem</span> <span class='ocrx_word' id='word_1_226' title='bbox 769 2461 787 2492; x_wconf 74' lang='lat' dir='ltr'>a</span> <span class='ocrx_word' id='word_1_227' title='bbox 813 2465 906 2493; x_wconf 60' lang='lat' dir='ltr'>cette</span> <span class='ocrx_word' id='word_1_228' title='bbox 930 2461 1081 2507; x_wconf 62' lang='lat' dir='ltr'>‹Jpoque</span> <span class='ocrx_word' id='word_1_229' title='bbox 1116 2459 1177 2495; x_wconf 88' lang='lat' dir='ltr'>On</span> <span class='ocrx_word' id='word_1_230' title='bbox 1203 2459 1253 2495; x_wconf 89' lang='lat' dir='ltr'>les</span> <span class='ocrx_word' id='word_1_231' title='bbox 1278 2467 1404 2495; x_wconf 81' lang='lat' dir='ltr'>trouve</span> <span class='ocrx_word' id='word_1_232' title='bbox 1425 2473 1471 2496; x_wconf 89' lang='lat' dir='ltr'>eu</span> <span class='ocrx_word' id='word_1_233' title='bbox 1493 2460 1634 2495; x_wconf 79' lang='lat' dir='ltr'>hebreu</span> 
     </span>
     <span class='ocr_line' id='line_1_29' title="bbox 229 2516 1634 2563; baseline 0.001 -12"><span class='ocrx_word' id='word_1_234' title='bbox 229 2517 316 2551; x_wconf 75' lang='lat' dir='ltr'>dans</span> <span class='ocrx_word' id='word_1_235' title='bbox 343 2516 375 2550; x_wconf 83' lang='lat' dir='ltr'>le</span> <span class='ocrx_word' id='word_1_236' title='bbox 393 2528 540 2563; x_wconf 71' lang='lat' dir='ltr'>psaume</span> <span class='ocrx_word' id='word_1_237' title='bbox 558 2529 659 2559; x_wconf 78' lang='lat' dir='ltr'>xxu,</span> <span class='ocrx_word' id='word_1_238' title='bbox 678 2530 710 2552; x_wconf 83' lang='lat' dir='ltr'>v.</span> <span class='ocrx_word' id='word_1_239' title='bbox 743 2530 755 2552; x_wconf 85' lang='grc' dir='ltr'><strong>ι</strong></span> <span class='ocrx_word' id='word_1_240' title='bbox 787 2533 793 2552; x_wconf 91' lang='lat'>:</span> <span class='ocrx_word' id='word_1_241' title='bbox 821 2519 901 2562; x_wconf 78' lang='lat' dir='ltr'>Eli,</span> <span class='ocrx_word' id='word_1_242' title='bbox 933 2519 996 2562; x_wconf 77' lang='lat' dir='ltr'>eli,</span> <span class='ocrx_word' id='word_1_243' title='bbox 1026 2520 1124 2554; x_wconf 80' lang='lat' dir='ltr'>lama</span> <span class='ocrx_word' id='word_1_244' title='bbox 1150 2520 1341 2554; x_wconf 79' lang='lat' dir='ltr'>azabtam&#39;!</span> <span class='ocrx_word' id='word_1_245' title='bbox 1366 2520 1481 2555; x_wconf 82' lang='lat' dir='ltr'>Notre</span> <span class='ocrx_word' id='word_1_246' title='bbox 1505 2525 1634 2554; x_wconf 85' lang='lat' dir='ltr'>auteur</span> 
     </span>
     <span class='ocr_line' id='line_1_30' title="bbox 227 2575 1634 2625; baseline 0.001 -15"><span class='ocrx_word' id='word_1_247' title='bbox 227 2576 343 2623; x_wconf 66' lang='lat' dir='ltr'>paruit</span> <span class='ocrx_word' id='word_1_248' title='bbox 381 2576 481 2610; x_wconf 76' lang='lat' dir='ltr'>avoir</span> <span class='ocrx_word' id='word_1_249' title='bbox 514 2587 559 2610; x_wconf 85' lang='lat' dir='ltr'>eu</span> <span class='ocrx_word' id='word_1_250' title='bbox 593 2575 799 2612; x_wconf 66' lang='lat' dir='ltr'>[intention</span> <span class='ocrx_word' id='word_1_251' title='bbox 836 2576 881 2612; x_wconf 88' lang='lat' dir='ltr'>de</span> <span class='ocrx_word' id='word_1_252' title='bbox 918 2577 968 2612; x_wconf 84' lang='lat' dir='ltr'>les</span> <span class='ocrx_word' id='word_1_253' title='bbox 1002 2581 1188 2625; x_wconf 75' lang='lat' dir='ltr'>presenter</span> <span class='ocrx_word' id='word_1_254' title='bbox 1221 2591 1304 2614; x_wconf 91' lang='lat' dir='ltr'>sous</span> <span class='ocrx_word' id='word_1_255' title='bbox 1341 2585 1434 2614; x_wconf 87' lang='lat' dir='ltr'>cette</span> <span class='ocrx_word' id='word_1_256' title='bbox 1466 2576 1634 2612; x_wconf 58' lang='lat' dir='ltr'>dernikre</span> 
     </span>
     <span class='ocr_line' id='line_1_31' title="bbox 229 2635 356 2670; baseline -0.016 0"><span class='ocrx_word' id='word_1_257' title='bbox 229 2635 356 2670; x_wconf 76' lang='lat' dir='ltr'>forme.</span> 
     </span>
    </p>

    <p class='ocr_par' dir='ltr' id='par_1_6' title="bbox 230 2691 1630 2793">
     <span class='ocr_line' id='line_1_32' title="bbox 274 2691 1630 2743; baseline 0 -17"><span class='ocrx_word' id='word_1_258' title='bbox 274 2694 324 2737; x_wconf 77' lang='lat'>(2)</span> <span class='ocrx_word' id='word_1_259' title='bbox 351 2692 480 2728; x_wconf 78' lang='lat' dir='ltr'>Mauh.</span> <span class='ocrx_word' id='word_1_260' title='bbox 501 2704 621 2736; x_wconf 78' lang='lat' dir='ltr'>xxvu,</span> <span class='ocrx_word' id='word_1_261' title='bbox 635 2691 767 2736; x_wconf 81' lang='lat'>50-56;</span> <span class='ocrx_word' id='word_1_262' title='bbox 782 2695 893 2730; x_wconf 82' lang='lat' dir='ltr'>Marc.</span> <span class='ocrx_word' id='word_1_263' title='bbox 908 2706 964 2739; x_wconf 82' lang='lat' dir='ltr'>xv,</span> <span class='ocrx_word' id='word_1_264' title='bbox 979 2693 1111 2743; x_wconf 73' lang='lat'>57-41;</span> <span class='ocrx_word' id='word_1_265' title='bbox 1127 2695 1210 2730; x_wconf 92' lang='lat' dir='ltr'>Luc.</span> <span class='ocrx_word' id='word_1_266' title='bbox 1226 2707 1340 2739; x_wconf 83' lang='lat' dir='ltr'>xxm,</span> <span class='ocrx_word' id='word_1_267' title='bbox 1356 2694 1486 2741; x_wconf 70' lang='lat'><strong>46-49;</strong></span> <span class='ocrx_word' id='word_1_268' title='bbox 1500 2695 1630 2730; x_wconf 81' lang='lat' dir='ltr'>Joann.</span> 
     </span>
     <span class='ocr_line' id='line_1_33' title="bbox 230 2759 392 2793; baseline 0 -9"><span class='ocrx_word' id='word_1_269' title='bbox 230 2764 294 2785; x_wconf 63' lang='lat' dir='ltr'>xxx</span> <span class='ocrx_word' id='word_1_270' title='bbox 307 2779 315 2793; x_wconf 79' lang='grc'>,</span> <span class='ocrx_word' id='word_1_271' title='bbox 336 2759 392 2785; x_wconf 72' lang='grc'>30.</span> 
     </span>
    </p>
   </div>
  </div>
 </body>
</html>
