1738 3043
628 160 779 201 LIBER
813 161 1020 200 PRIMUS.
1487 165 1536 203 23

115 245 275 293 tendo.
302 246 380 292 Sic
400 243 572 308 probat
596 254 746 289 arctas
766 241 1119 305 observationes
1141 260 1277 290 novae
1302 243 1414 309 legis
1437 263 1533 291 non

114 342 210 371 esse
234 320 498 370 carnalibus
525 319 834 385 imponendas
855 320 1072 368 nondum
1097 321 1334 368 renovatis
1348 357 1362 378 ,
1384 320 1537 370 donec

113 402 267 466 palam
293 409 550 465 patesceret
575 399 824 446 renovatio
849 399 1106 464 spiritualis
1136 418 1222 464 per
1254 401 1539 450 mvsterium

113 479 367 527 dominicae
392 477 619 543 passionis
645 488 692 523 et
715 477 1077 525 resurrectionis
1098 478 1188 542 (1).

179 559 425 622 Loq'uente
463 555 572 602 Jesu
613 554 669 601 ad
709 554 901 611 turbas,
944 555 1098 601 Jairus
1138 554 1538 622 archisynagogus

113 640 304 682 accessit
323 672 334 691 ‚
375 633 430 681 ad
476 632 617 698 pedes
665 635 762 698 ejus
801 633 1010 698 procidit
1033 669 1046 690 ‚
1091 651 1296 699 eumque
1337 636 1538 683 adorans

112 712 266 760 dixit:
302 713 539 772 Domine,
560 711 681 778 filia
704 730 812 766 mea
846 712 992 760 modo
1031 712 1265 777 defuncta
1300 724 1370 760 est
1406 733 1416 759 .·
1453 715 1542 761 secl

113 792 249 849 veni,
278 792 471 857 impone
500 808 698 838 manum
728 802 855 837 taam
881 808 1029 857 super
1051 809 1184 849 eam,
1213 802 1257 838 et
1278 792 1419 839 vivet.
1447 793 1541 839 Bc·-

113 871 287 936 nignus
323 868 484 934 opifex
519 869 757 927 surrexit,
796 879 843 917 et
878 886 990 916 cum
1026 868 1109 917 illo
1141 869 1364 934 protinus
1401 868 1537 916 abiit.

114 946 278 993 Turba
295 964 409 995 vero
432 946 582 994 multa
607 945 893 1012 sequebatur
915 946 1078 1007 illum,
1100 956 1147 995 et
1168 946 1535 1012 comprimebat.

113 1025 287 1072 Mulier
308 1035 467 1072 autem
490 1043 598 1090 quae
621 1024 806 1072 fluxum
823 1026 1064 1091 sanguinis
1082 1023 1354 1090 patiebatur
1373 1042 1443 1072 xil
1463 1043 1541 1072 an-

116 1103 188 1148 nis
198 1138 212 1160 ,
234 1120 342 1168 quae
361 1119 556 1150 omnem
572 1101 887 1150 substantiam
906 1121 1039 1150 suam
1057 1114 1332 1169 erogaverat
1347 1103 1542 1150 medicis

116 1179 313 1245 [quibus
336 1180 438 1227 falsi
462 1179 700 1246 theologi,
723 1199 804 1229 seu
822 1181 1122 1247 philosophi,
1150 1182 1404 1247 legumque
1422 1181 1542 1230 desi-

113 1267 324 1322 gnantur
347 1258 631 1305 secularium
659 1258 901 1324 doctores]
920 1297 931 1320 ‚
959 1277 1046 1306 nec
1069 1259 1128 1306 ab
1152 1259 1253 1307 ullo
1276 1259 1437 1324 potuit
1460 1277 1541 1306 cu-

114 1336 238 1393 rari,
278 1337 470 1384 accessit
507 1348 670 1394 retro,
711 1349 758 1385 et
795 1338 951 1403 tetigit
991 1337 1235 1384 fimbriam
1269 1337 1538 1385 vestimenti

113 1415 227 1478 ejus.
269 1413 466 1462 Dicebat
505 1416 635 1462 enim
671 1415 797 1462 intra
834 1434 881 1464 se
925 1436 935 1462 :
973 1415 1033 1464 Si
1067 1417 1264 1480 tetigero
1284 1416 1542 1482 fimbriam

114 1494 385 1541 vestimenti
395 1495 501 1560 ejus
517 1506 722 1555 tantum,
738 1495 876 1543 salva
891 1513 987 1543 ero.
1004 1492 1068 1542 At
1080 1496 1212 1543 Jesus
1226 1513 1482 1544 conversus
1495 1507 1543 1544 et

113 1571 276 1620 videns
300 1591 428 1630 eam,
455 1573 577 1620 dixit
599 1592 610 1619 :
639 1574 859 1640 Confide,
873 1574 1026 1640 filia;
1037 1574 1170 1639 fides
1189 1585 1273 1622 ταα
1292 1586 1335 1622 te
1354 1575 1539 1622 salvam

98 1652 244 1710 feeit.
286 1651 552 1700 Confestim
585 1652 695 1702 sons
730 1654 972 1718 sanguinis
1002 1655 1099 1718 ejus
1135 1654 1333 1701 siccatus
1364 1663 1460 1712 est,
1495 1663 1543 1701 et

114 1729 235 1775 salva
258 1729 381 1776 facta
411 1740 480 1778 est
505 1731 596 1794 (2).
633 1730 814 1778 Deinde
844 1730 1087 1793 ChristuS‚
1123 1749 1233 1778 cum
1266 1732 1316 1778 in
1343 1731 1543 1779 domum

115 1807 344 1872 principis
362 1809 591 1866 venisset,
616 1819 663 1857 et
686 1808 905 1858 tibicines
930 1808 1217 1875 turbamque
1236 1809 1542 1856 tumultuan—

119 1896 214 1932 tem
240 1887 451 1943 xidisset,
473 1887 595 1933 dixit
618 1908 628 1933 :
652 1887 909 1944 Recedite;
934 1906 1027 1934 non
1051 1899 1120 1935 est
1139 1887 1538 1953 mortuapuella,

115 1964 204 2010 secl
224 1964 416 2011 dormit.
454 1965 518 2011 Et
555 1963 834 2014 deridebant
861 1983 987 2012 eum.
1026 1965 1187 2028 Ejecta
1224 1963 1391 2022 turba,
1432 1981 1544 2011 con-

115 2040 285 2087 clavim
324 2042 521 2088 intraxit
545 2078 558 2099 ,
602 2059 856 2107 secumque
893 2042 1088 2089 Petrum
1128 2052 1175 2088 et
1219 2039 1451 2088 Jacobum
1495 2050 1544 2087 et

114 2118 348 2167 Joannem
392 2130 439 2167 et
477 2130 662 2185 patrem
703 2130 750 2168 et
787 2130 991 2168 matrem
1023 2119 1195 2184 puellae
1235 2119 1537 2176 introduxit,

161 2324 212 2369 (ι)
238 2324 370 2359 Matth.
403 2336 452 2369 ix,
485 2327 614 2373 ¹4-175
640 2325 753 2360 Marc.
784 2337 834 2368 11,
864 2324 993 2367 18-22;
1015 2323 1100 2358 Luc.
1122 2335 1164 2366 v,
1187 2320 1308 2370 53-59.
1340 2321 1456 2357 Notre
1475 2334 1542 2356 au-

115 2389 199 2417 teur
217 2395 263 2417 ne
283 2383 365 2419 s’est
382 2384 625 2431 precisement
641 2383 830 2419 conforme
843 2395 888 2418 au
908 2383 1001 2418 tecit
1018 2382 1175 2417 d’aucun
1193 2381 1257 2416 des
1275 2381 1366 2416 trois
1383 2382 1539 2427 evange—

115 2442 224 2479 listes.
243 2444 341 2480 Dans
361 2445 456 2481 saint
475 2445 640 2480 Mathieu
653 2473 662 2489 ‚
683 2457 724 2480 ce
742 2452 825 2480 sont
842 2444 893 2480 les
913 2443 1083 2491 disciples
1101 2443 1146 2478 dc
1161 2444 1251 2478 Jean
1269 2443 1334 2491 qui
1353 2442 1541 2478 adi-essent

117 2501 149 2537 la
168 2504 337 2551 question
357 2506 377 2539 a
393 2505 667 2548 Jesus-Christ3
694 2504 783 2539 dans
801 2505 896 2539 saint
914 2504 1014 2539 Marc
1028 2531 1037 2547 ‚
1058 2502 1109 2538 les
1128 2502 1264 2538 memes
1287 2508 1325 2537 et
1340 2501 1393 2537 les
1412 2502 1539 2549 phari-

117 2562 232 2607 siens;
252 2563 341 2599 dans
360 2565 455 2600 saint
474 2565 547 2600 Luc
558 2593 566 2608 ,
589 2564 622 2599 la
640 2566 813 2612 presence
825 2563 889 2600 des
903 2563 1072 2611 disciples
1087 2562 1133 2598 dc
1146 2562 1235 2598 Jean
1253 2562 1346 2598 n’est
1359 2574 1422 2610 pas
1437 2573 1537 2598 men—

118 2623 279 2659 tionnee.

165 2683 215 2728 (2)
241 2684 372 2719 Matth.
396 2697 447 2728 ιι,
475 2683 606 2727 18-22·‚
632 2685 731 2720 Marc
767 2697 810 2729 v,
835 2681 968 2727 22-345
988 2683 1062 2718 Luc
1097 2694 1182 2726 vni,
1204 2680 1326 2724 4¹48·
