1738 3043
641 194 795 235 LIBER
823 194 1104 233 SECUNDUS.
1515 193 1593 232 449

229 274 497 340 Stephanus
527 274 740 331 Siculus,
767 291 823 320 ex
849 283 984 337 patre
1015 271 1186 328 olibo,
1223 271 1344 319 sedit
1371 272 1509 318 annis
1540 288 1591 317 ιιι

165 352 408 401 mensibus
445 369 473 399 v
502 351 669 400 diebus
701 366 872 397 xxvm.
900 350 988 398 Vir
1016 361 1238 396 strenuus
1268 359 1316 396 et
1346 347 1503 396 bonus
1541 366 1594 394 ac

164 432 372 497 sapiens,
395 431 619 478 Ecclesiae
636 429 721 478 Dei
745 428 1002 476 admodum
1023 429 1221 494 profuit.
1247 428 1374 475 Ante
1395 427 1596 495 electio-

165 526 279 558 nem
315 511 413 574 ejus
451 509 660 556 inaudita
697 507 876 554 malitia
916 508 1083 555 Romae
1117 517 1305 571 peracta
1345 517 1432 554 est.
1473 506 1596 554 Nam

167 589 297 637 Toto
337 588 600 653 Nepesinus
639 586 736 633 dux
774 586 1148 634 Constantinum
1186 585 1359 632 laicum
1397 585 1598 634 fratrem

167 684 307 713 suum
338 664 397 713 ab
430 665 584 712 invito
609 662 820 728 Georgio
843 664 1153 711 Praenestinae
1178 664 1402 728 episcopo
1429 680 1599 728 papam

167 744 433 793 consecrari
465 743 639 809 coegit.
672 745 785 790 Post
807 760 951 808 quam
977 742 1335 790 ordinationem
1368 742 1602 807 Georgius

169 822 218 870 in
243 820 582 888 aegritudinem
607 821 819 878 counit,
846 820 1149 885 nimiumque
1177 820 1289 867 min
1292 830 1446 866 matus
1469 837 1603 867 nun-

167 917 311 966 quam
325 910 487 980 postea
504 899 694 945 missam
713 898 938 945 cantavit.
956 898 1070 962 Ejus
1087 898 1217 945 enim
1230 897 1422 945 dexteia
1436 916 1603 946 manus

168 978 296 1025 aruit
330 987 379 1025 et
412 986 659 1024 contlacta
696 985 798 1034 est,
837 993 982 1041 quam
1014 992 1102 1023 nec
1134 975 1191 1022 ad
1226 992 1278 1022 os
1309 993 1449 1022 suum
1478 975 1606 1023 sene

169 1057 341 1114 xaluit3
370 1057 449 1104 sed
480 1054 647 1104 eodem
678 1072 808 1102 anno
841 1055 939 1119 ipse
967 1054 1173 1119 pessimo
1206 1054 1436 1119 languole
1460 1053 1602 1102 obiit.

169 1134 283 1182 Post
314 1150 497 1180 annum
528 1134 681 1180 Roma
710 1129 1015 1179 Christoforo
1046 1130 1324 1195 primicerio
1356 1141 1404 1179 et
1440 1131 1607 1196 Sergio

169 1211 412 1261 sacellario
438 1211 610 1258 tradita
633 1221 729 1268 est,
757 1220 805 1258 et
830 1211 959 1258 Toto
983 1210 1080 1256 dux
1103 1227 1129 1256 a
1148 1209 1394 1257 Demetrio
1417 1219 1466 1257 et
1483 1208 1607 1256 Gra-

171 1292 297 1340 tioso
334 1290 666 1338 siaudulenter
703 1289 885 1337 occisus
921 1298 1008 1336 est.
1045 1289 1159 1336 Post
1199 1286 1302 1336 haec
1338 1288 1607 1354 Stephanus

170 1389 290 1436 papa
316 1370 390 1436 le<
395 1370 528 1417 itime
551 1386 576 1416 a
606 1367 791 1415 cunctis
816 1367 994 1415 electus
1013 1376 1100 1415 est
1129 1366 1239 1415 Non
1265 1367 1423 1416 multo
1449 1376 1559 1431 post
1582 1385 1608 1413 a

170 1449 458 1516 quibusdam
486 1447 707 1512 malignis
731 1445 1116 1494 Constantinus
1105 1463 1296 1494 lnvasor
1324 1455 1372 1493 et
1394 1444 1609 1492 Passibus

169 1528 321 1577 frater
361 1530 460 1593 ejus
501 1544 554 1574 ac
593 1525 876 1574 Theodorus
907 1525 1155 1589 episcopus
1192 1534 1239 1572 et
1277 1524 1608 1572 vicedominus

171 1606 297 1672 capti
330 1617 378 1654 et
409 1604 566 1653 orbati
592 1613 705 1651 sunt
715 1622 729 1661 ;
762 1613 810 1651 et
833 1601 1162 1649 Christoforus
1187 1618 1240 1648 ac
1270 1601 1460 1666 Sergius
1483 1600 1609 1648 filius

171 1686 299 1750 eju5‚
325 1684 501 1748 aliique
524 1682 668 1729 multi
698 1681 813 1728 dolo
833 1691 881 1728 et
909 1679 1204 1728 immissione
1228 1679 1458 1727 Desiderii
1486 1680 1608 1744 regis

171 1763 440 1829 perierunt.
471 1763 604 1808 Inter
630 1759 731 1806 haec
749 1757 1017 1822 Stephanus
1036 1775 1182 1822 papa,
1211 1757 1261 1803 in
1285 1756 1606 1805 ordinationis

172 1858 270 1888 suae
312 1838 538 1896 exordio,
584 1836 805 1901 Sergium
849 1834 1229 1884 secundicerium
1270 1834 1328 1880 ad
1374 1834 1608 1882 Karolum

171 1919 404 1984 Magnum
423 1933 584 1981 regem
598 1915 896 1962 Francorum
913 1912 1089 1960 direxit
1101 1948 1115 1971 ‚
1138 1921 1186 1960 et
1201 1911 1454 1960 consilium
1471 1912 1607 1959 auxi-

173 1996 391 2061 liumque
426 1993 485 2041 ab
519 2010 577 2041 eo
613 1991 851 2057 poposcit.
891 1989 980 2037 Cui
1016 1999 1261 2055 gratanter
1295 1988 1373 2036 ille
1406 2005 1475 2036 Χιι
1509 1989 1606 2053 epi-

175 2091 344 2140 scopos
376 2073 434 2120 de
463 2071 651 2119 Francis
674 2068 1062 2134 probatissimos,
1097 2077 1144 2115 et
1169 2067 1219 2112 in
1250 2066 1425 2113 divinis
1449 2067 1607 2131 scrip-

175 2154 324 2211 turis,
343 2161 714 2216 sanctorumque
731 2164 972 2197 canonum
991 2143 1379 2192 institutionibus
1392 2144 1604 2192 eruditos

174 2231 368 2280 direxit.

241 2310 404 2357 Mense
425 2307 563 2374 aprili
586 2306 854 2353 multorum
881 2301 1092 2369 synodus
1120 2301 1380 2368 praesulum
1407 2301 1455 2347 in
1478 2299 1606 2347 basi-

177 2389 264 2436 lica
300 2387 460 2435 Sancti
497 2384 752 2432 Salvat01is
781 2385 917 2468 juxta
952 2380 1195 2427 lateranis
1225 2396 1281 2444 ag
1283 2388 1469 2444 glegata
1505 2388 1602 2435 est;

178 2476 320 2532 atque
342 2463 711 2520 Constantinus,
740 2461 820 2526 qui
854 2459 912 2506 de
945 2458 1066 2505 laico
1100 2466 1297 2522 repente
1330 2455 1528 2504 cleiicus
1557 2466 1604 2502 et

181 2662 362 2708 respondu
383 2665 403 2697 :¹1
423 2662 587 2709 l'cmpiir
612 2661 657 2695 de
684 2661 777 2694 Leon
794 2687 801 2699 ,
825 2658 913 2692 nmis
931 2656 1130 2691 seulement
1151 2657 1168 2689 a
1194 2653 1287 2689 celui
1315 2652 1360 2686 de
1384 2652 1602 2687 Constantini

180 2723 426 2769 Coprouyme.

282 2799 312 2828 ¹·
1355 2788 1412 2833 2¹.)
