1738 3043
264 305 337 340 176
622 298 860 337 HISTORIA
891 298 1286 337 ECCLESIASTICA.

262 380 409 427 multa
451 377 635 425 adversa
683 388 990 424 surrexerunt
1036 378 1084 424 in
1117 393 1264 440 regno
1299 375 1499 441 Angliae.
1538 375 1657 424 Nam

261 460 442 507 Suenus
480 474 562 504 rex
607 456 849 502 Danorum
891 472 998 501 cum
1038 455 1217 519 ingenti
1265 453 1404 501 classe
1441 453 1659 519 Angliam

265 537 432 583 invasit
446 571 457 592 ,
485 544 533 581 et
553 532 879 580 deficientibus
893 532 949 579 ad
967 549 1075 579 eum
1095 531 1282 596 Augus,
1304 530 1560 578 Edelredus
1578 547 1661 579 rex

262 631 367 660 cum
394 629 542 659 uxore
566 621 612 658 et
635 610 741 657 filiis
767 611 812 656 in
830 609 1326 673 Normanniamfugit.
1354 610 1519 656 Emma
1535 609 1661 655 enim

261 708 383 736 uxor
407 695 503 755 ejus
533 700 631 736 erat
661 704 796 735 soror
817 686 1034 734 Richardi
1061 685 1355 735 Gunnoridae
1378 685 1508 732 ducis
1538 685 1663 733 Nor-

261 785 576 824 mannorum,
618 755 675 813 et.
710 765 936 813 liodberti
976 764 1311 829 archiepiscopi
1345 765 1665 828 Rotomagen-

261 845 400 891 sium.
441 844 551 890 Non
584 828 737 890 multo
779 854 884 906 post
921 842 1108 907 gentilis
1133 861 1215 889 rex
1249 843 1430 890 Suenus
1454 859 1478 888 a
1502 851 1664 889 sancto

263 920 544 968 Eadmundo
584 938 691 985 rege
715 929 761 966 et
797 930 1007 984 martyre
1042 921 1221 966 occisus
1261 931 1359 977 cst,
1401 929 1447 967 et
1474 919 1666 966 cadaver

264 1000 359 1061 ejus
376 995 661 1045 aromatibus
686 996 932 1042 conditum
959 996 1007 1041 in
1021 996 1209 1042 Daciam
1227 996 1434 1042 delatum
1454 1006 1540 1043 est.
1554 995 1665 1041 Daci

264 1077 438 1141 quippe
472 1074 621 1121 adhuc
665 1074 831 1138 pagani
875 1083 1031 1128 erant,
1076 1085 1122 1119 et
1161 1073 1332 1121 ferocis
1364 1073 1494 1131 heri,
1538 1075 1668 1137 cujus

265 1170 434 1216 corpus
456 1152 649 1216 Anglica
673 1150 819 1197 humo
839 1150 1073 1213 sepultum
1093 1151 1330 1198 contineri
1351 1168 1450 1198 non
1477 1151 1636 1215 potuit
1652 1185 1666 1209 ,

264 1239 418 1276 morte
437 1227 675 1292 perterriti
696 1226 901 1273 fuerant.
922 1228 1073 1274 Porro
1097 1225 1353 1273 Edelredus
1375 1244 1458 1273 rex
1473 1262 1487 1284 ,
1514 1226 1669 1273 audita

265 1317 420 1352 morte
438 1305 580 1352 Sueni
592 1341 604 1362 ,
631 1303 783 1350 natale
802 1302 955 1349 solum
977 1304 1198 1366 protinus
1221 1303 1411 1367 repetiit
1425 1339 1438 1359 ‚
1460 1313 1507 1350 et
1533 1302 1669 1350 dictis

266 1393 406 1447 atque
430 1381 671 1446 promissis
695 1396 801 1427 suos
823 1379 1085 1426 desertores
1107 1378 1195 1425 sibi
1221 1380 1514 1437 conciliavit,
1542 1390 1589 1427 et
1620 1379 1668 1426 in

266 1460 498 1507 redivivos
523 1457 702 1513 hostes,
734 1466 789 1501 ut
812 1474 907 1503 sese
928 1456 1095 1503 melius
1120 1474 1262 1521 quam
1289 1468 1421 1504 antea
1445 1457 1669 1505 defende-

268 1546 409 1593 rent,
441 1535 680 1581 animavit.
718 1534 932 1579 Cunutus
970 1543 1128 1580 autem
1165 1534 1288 1580 filius
1324 1535 1465 1582 Sueni
1504 1546 1671 1583 contra

267 1632 373 1662 suos
406 1612 536 1659 valde
577 1610 845 1675 indignatus
885 1621 976 1668 est,
1006 1611 1135 1675 quod
1159 1611 1413 1676 fugissent,
1440 1622 1486 1660 et
1509 1611 1671 1661 nobile
1707 1657 1720 1673 ,

267 1708 466 1755 regnum
490 1689 676 1754 Angliae
694 1691 790 1751 jam
829 1687 917 1734 sibi
945 1687 1192 1736 subactum
1218 1689 1516 1737 muliebriter
1538 1690 1672 1738 dese-

268 1769 486 1815 ruissent.
533 1767 747 1830 Denique
785 1775 943 1830 parata
978 1766 1145 1823 classe,
1187 1784 1296 1814 cum
1333 1771 1532 1814 Lacman
1563 1785 1672 1833 rege

270 1845 532 1891 Suavorum
579 1853 625 1889 et
668 1842 814 1889 Olavo
850 1859 958 1906 rege
999 1842 1314 1901 Noricorum,
1361 1845 1410 1891 in
1452 1845 1672 1909 Angliam

269 1919 586 1968 transfretavit
617 1929 663 1966 et
685 1918 982 1966 Lundoniam
1012 1919 1211 1968 obsedit.
1244 1920 1314 1967 Ibi
1340 1932 1454 1968 tunc
1481 1920 1669 1969 Edelre·

271 2000 356 2046 dus
396 2016 478 2046 rex
519 1998 766 2062 aegrotavit
812 2007 859 2044 et
897 2007 1114 2044 mortuus
1157 2008 1254 2055 est;
1304 2008 1351 2046 et
1391 1997 1671 2045 Edmundus

271 2077 394 2124 filius
415 2078 510 2140 ejus
533 2084 852 2140 cognomento
866 2075 1089 2132 Irneside,
1112 2076 1158 2122 id
1180 2086 1248 2123 est
1265 2077 1667 2133 Ferreum-Latus,

271 2156 320 2201 in
343 2171 501 2220 regem
540 2153 714 2200 levatus
738 2163 821 2199 est.
866 2152 1149 2217 Plerumque
1186 2152 1242 2198 ab
1271 2152 1434 2218 Anglis
1459 2164 1506 2200 et
1527 2153 1671 2200 Danis

270 2243 531 2297 pugnatum
572 2241 666 2287 est,
710 2230 1016 2294 victoriaeque
1052 2240 1179 2276 sorte
1217 2231 1449 2287 variante,
1493 2229 1670 2276 multus

272 2437 384 2469 annee
402 2434 447 2468 de
464 2446 528 2467 son
547 2435 657 2480 regne
673 2433 751 2468 doit
768 2446 804 2468 se
830 2441 993 2481 compter
1012 2434 1139 2481 depuis
1162 2435 1194 2470 le
1214 2435 1234 2471 8
1255 2436 1458 2483 septembre
1483 2437 1571 2473 1026
1588 2438 1669 2484 jus-

273 2495 354 2542 qu'a
370 2493 480 2540 parcil
495 2493 580 2538 jour
594 2492 637 2527 de
661 2505 758 2541 1027.
781 2493 847 2536 Or,
870 2506 915 2528 on
937 2495 1003 2528 sait
1020 2507 1090 2541 que
1111 2495 1142 2529 le
1161 2494 1232 2529 duc
1247 2495 1406 2530 Richard
1422 2496 1458 2530 ΙΙ
1475 2503 1624 2532 mourut
1635 2497 1668 2533 le

274 2553 319 2588 23
346 2553 443 2587 amit.
470 2552 625 2587 Orderic
649 2553 749 2587 vital
776 2553 873 2599 place
893 2554 985 2588 donc
1009 2561 1065 2589 cet
1090 2557 1301 2590 evenement
1325 2555 1357 2590 le
1384 2555 1429 2591 23
1453 2556 1540 2591 aosit
1567 2568 1664 2606 1027,

273 2611 498 2647 c’cst-ii-dirc
518 2623 566 2644 un
581 2623 623 2644 an
645 2610 723 2657 plus
739 2611 816 2645 tard
836 2613 944 2659 qu'on
958 2625 1002 2647 ne
1017 2613 1048 2647 le
1065 2613 1130 2648 sait
1143 2615 1448 2648 communement.
1469 2614 1529 2649 On
1542 2621 1668 2650 trouve

274 2671 307 2706 la
329 2671 444 2705 meme
463 2669 606 2703 fixation
625 2669 713 2703 dans
731 2683 801 2705 une
822 2671 945 2707 charte
964 2672 1008 2707 de
1024 2672 1551 2720 Guillaume-le-Conquerant.
1567 2674 1666 2709 Nous

275 2740 428 2763 sommes
452 2729 544 2762 aussi
569 2728 614 2762 de
639 2735 694 2763 cet
713 2730 801 2773 avis,
823 2742 867 2764 en
895 2731 1161 2766 reconnaissant
1179 2731 1348 2766 toutefois
1367 2743 1437 2779 que
1452 2731 1484 2766 la
1500 2732 1664 2779 question

277 2794 330 2821 est
347 2787 418 2821 sort
435 2786 603 2827 obscure,
619 2793 655 2819 et
669 2798 739 2833 que
757 2799 847 2822 nous
864 2801 907 2823 ne
924 2789 1056 2823 l’avons
1071 2801 1131 2835 pas
1145 2789 1308 2834 toujours
1322 2789 1461 2824 resolue
1478 2790 1581 2825 ainsi.
