1738 3043
585 202 736 241 LIBER
769 202 893 241 PRIM
902 204 974 240 US.
1437 205 1486 242 :37

80 281 374 339 dmnnasset,
417 282 545 345 quasi
597 297 774 326 saevum
822 290 869 326 et
909 279 1114 326 oblitum
1154 279 1488 326 misericordia!

81 375 224 422 qnam
246 357 557 423 praedicabat,
581 356 814 404 derisisset
824 376 836 413 3
867 369 909 404 et
934 358 998 403 sic
1017 356 1233 404 odiosum
1259 355 1437 412 turbis,
1464 374 1487 402 a

82 435 255 499 quibus
292 434 602 499 diligebatur,
644 433 836 481 faceret.
883 434 930 479 Si
970 451 1083 480 vero
1124 433 1364 480 moecham
1401 450 1492 497 pro

84 516 330 563 clementia
355 516 552 580 lapidari
590 514 940 580 prohibuisset,
979 516 1108 580 quasi
1135 516 1247 580 legis
1279 515 1490 562 adversa-

83 595 208 640 rium
248 606 295 640 et
323 594 558 642 fautorem
595 594 824 640 scelerum
860 593 1230 641 condemnasset.
1259 594 1380 641 Vera
1416 610 1494 640 so-

83 671 191 735 phia
214 672 345 718 velut
367 689 548 719 araneae
573 671 650 718 fila
674 671 808 719 dolos
833 671 1168 719 sceleratorum
1191 670 1395 734 disrupit
1419 681 1490 728 et,

83 748 207 812 regia
228 746 457 812 dignitate
470 747 731 813 utrobique
745 759 940 806 servata,
962 747 1137 813 absque
1152 747 1495 812 impedimento

83 826 374 889 pertransiit.
400 826 482 872 Ait
505 827 632 873 enim
662 847 671 872 :
705 826 806 890 Qui
821 831 925 875 sine
944 837 1146 892 peccato
1165 837 1234 873 esc
1261 837 1494 881 vestram,

76 905 266 969 primus
291 906 342 950 in
368 904 502 951 illam
538 905 753 970 lapidem
780 906 953 952 mittat.
988 905 1043 950 ln
1074 904 1234 968 primo
1264 913 1499 950 commate

86 983 396 1046 temperantia
433 992 502 1029 est
540 983 806 1030 miserantis
828 1019 840 1040 ‚
883 984 933 1029 in
963 982 1179 1047 sequenti
1203 982 1386 1046 justitia
1413 982 1499 1045 ju-

84 1059 302 1107 dicantis.
341 1061 579 1108 Inclinans
619 1078 665 1108 se
700 1061 952 1118 deorsum,
991 1060 1142 1126 digito
1177 1059 1413 1108 scribebat
1450 1060 1499 1106 in

88 1149 285 1195 terram,
320 1139 611 1203 ancipitique
635 1137 768 1186 verbi
804 1140 874 1185 sui
908 1139 1063 1203 gladio
1088 1138 1355 1202 penetravit
1388 1138 1502 1184 insi-

86 1213 325 1260 diatorum
363 1215 719 1262 conscientiam.
750 1215 825 1261 Sic
850 1215 1053 1262 servavit
1089 1231 1194 1262 ecce
1222 1232 1309 1278 per
1340 1213 1501 1261 omnia

88 1301 135 1337 et
162 1291 361 1354 justitiae
392 1291 739 1338 districtionem
774 1302 820 1338 et
848 1291 1035 1355 pietatis
1068 1290 1498 1338 mansuetudinem.

88 1369 300 1417 Tandem
327 1369 614 1417 fraudulenti
641 1380 901 1434 quaestores
924 1369 1119 1416 Domini
1143 1369 1377 1416 sententia
1398 1384 1506 1432 per-

88 1447 207 1493 cussi
239 1445 565 1503 erubuerunt,
592 1446 828 1494 moecham
855 1445 1158 1511 reliquerunt
1188 1455 1236 1493 et
1271 1445 1502 1510 incipien-

89 1532 156 1570 tes
179 1541 203 1569 a
227 1524 492 1570 senioribus
517 1525 752 1571 exierunt.
790 1523 969 1570 Deinde
1003 1540 1214 1569 summus
1242 1522 1387 1587 judex
1415 1520 1503 1567 sibi

88 1600 385 1660 derelictam,
419 1620 526 1668 quae
560 1602 892 1660 accusabatur,
929 1602 1190 1650 clementer
1220 1599 1501 1648 sublevavit.

95 1679 240 1727 Vade
255 1716 268 1738 ,
292 1681 475 1746 inquit,
499 1682 768 1747 etamplius
787 1681 890 1728 noli
892 1698 1119 1747 peceare.
1138 1681 1262 1727 Ecce
1282 1689 1508 1744 tanquam

90 1758 195 1822 pius
229 1758 471 1822 praeterita
507 1769 694 1822 peccata
735 1759 962 1823 ignoscit,
990 1768 1037 1805 et
1069 1758 1200 1822 quasi
1228 1759 1410 1821 justus,
1448 1772 1510 1803 ne

92 1834 291 1898 amplius
314 1851 507 1897 peccare
524 1844 808 1898 praesumat,
837 1834 1081 1880 interdicit
1103 1834 1198 1897 (1).

159 1912 212 1956 ln
236 1910 586 1974 Gazophylacio
608 1911 738 1957 Jesus
771 1910 978 1973 plurima
1012 1910 1199 1956 locutus
1231 1919 1302 1955 est
1322 1908 1380 1955 de
1403 1924 1511 1954 vera

97 1988 198 2034 luce
239 1999 286 2035 et
319 1986 565 2044 libertate,
612 1986 669 2034 de
707 1986 992 2033 exaltatione
1028 1986 1098 2031 sui
1142 1995 1189 2032 et
1223 1983 1281 2031 de
1319 1983 1514 2030 servitio

97 2066 293 2130 peccati,
315 2064 372 2112 de
391 2063 638 2112 mendacio
657 2073 705 2111 et
720 2064 935 2110 veritate.
953 2062 1245 2109 Insanientes
1265 2077 1355 2125 pro
1373 2059 1514 2107 bonis

96 2161 119 2189 a
133 2143 322 2190 Christo
334 2141 594 2190 benedictis
608 2140 959 2206 responderunt
970 2141 996 2186 J
1000 2140 1120 2187 udaei
1142 2160 1152 2185 :
1173 2139 1517 2185 Samaritanus

98 2240 146 2269 es
181 2232 226 2269 et
249 2222 542 2268 doemom‘um
571 2220 734 2267 habes.
770 2219 1025 2283 Injuriatus
1057 2217 1294 2282 patienter
1315 2232 1518 2280 respon-

98 2300 194 2357 dit,
239 2299 484 2346 humiliter
518 2298 683 2345 docuit
728 2309 772 2344 et
816 2296 974 2343 divina
1017 2294 1247 2342 salvandis
1289 2292 1514 2357 protulit.

99 2379 250 2425 Porro
273 2377 418 2442 magis
443 2376 620 2424 efferati
645 2375 703 2422 ad
726 2374 902 2439 lapides
926 2382 1270 2429 cucurrerunt,
1303 2389 1356 2418 ac
1387 2380 1442 2416 ut
1466 2370 1516 2417 in

101 2471 209 2501 eum
233 2456 446 2518 jacerent
480 2452 712 2499 tulerunt.
747 2452 877 2498 Jesus
911 2461 1067 2498 autem
1099 2447 1347 2497 abscondit
1385 2464 1432 2495 se
1469 2455 1516 2494 et

103 2533 248 2580 exivit
269 2532 327 2580 de
351 2531 532 2596 templo
557 2531 650 2594 (2).

151 2704 202 2745 (ι)
220 2702 348 2737 Joann.
371 2713 451 2744 vm,
480 2700 950 2743 1-11.--('2)J0ann.v111,
980 2695 1093 2743 12-59.
