1738 3043
581 266 732 305 LIBER
764 266 970 304 PRIMUS.
1411 268 1484 305 169

73 347 251 394 thar-ius
291 347 433 412 igitur
475 362 558 392 rex
605 347 856 409 Hugonem
897 345 1064 391 ducem
1102 345 1395 392 Francorum
1437 356 1484 392 et

69 427 329 473 Henricum
369 425 537 471 ducem
570 422 966 488 Burgundionum
1003 424 1311 480 convocavit,
1351 434 1398 471 et
1436 425 1483 470 in

70 503 226 551 hostes
252 504 409 549 irruit.
439 503 688 567 Fugientes
721 517 835 548 vero
861 518 1009 565 usque
1042 502 1338 550 suessionem
1372 520 1485 567 per-

69 582 200 646 sequi
222 598 318 627 non
344 580 540 627 destitit.
563 578 634 624 Illi
659 588 839 635 autem,
863 580 1249 643 persequentium
1274 591 1482 640 terrore,

68 658 279 705 {luminis
320 660 505 706 Axonae
551 657 734 703 alveum
784 656 1046 721 impetuose
1093 658 1286 722 ingressi
1334 669 1445 705 sunt
1468 695 1480 715 ,

68 735 230 801 ibique
271 737 441 783 vadum
481 730 741 784 nedeientes
782 735 978 800 plurimi
1014 737 1278 800 perierunt.
1322 738 1485 786 Plures

67 816 224 880 itaque
260 833 377 881 aqua
409 814 703 879 consumpsit
734 832 878 880 quam
909 814 1115 880 gladius,
1152 815 1323 861 fluvius
1355 816 1483 862 enim

64 893 189 958 ripas
213 911 315 940 suas
349 893 653 957 impleveram
685 892 811 940 unde
848 891 1024 939 ibidem
1050 893 1169 939 tanti
1197 892 1483 940 dimersione

64 972 337 1036 perierunt,
375 982 430 1018 ut
463 989 581 1037 aqua
615 971 906 1019 redundaret
929 971 1232 1019 cadaveribus
1263 982 1485 1019 mortuo-

64 1068 188 1097 rum.
223 1050 474 1098 Lotharius
499 1061 657 1098 autem
685 1068 768 1097 rex
801 1049 954 1096 tribus
987 1049 1152 1098 diebus
1189 1050 1483 1115 totidemque

64 1126 287 1175 noctibus
313 1127 469 1175 hostes
493 1138 770 1176 constanter
793 1138 1065 1191 persecutus
1085 1138 1153 1174 est
1176 1128 1196 1191 (
1207 1127 1270 1191 ι).
1301 1126 1484 1174 Deinde

67 1204 114 1251 iu
148 1206 250 1269 ipso
287 1222 415 1252 anno
448 1205 673 1269 praesatus
710 1223 793 1252 rex
827 1222 935 1252 cum
974 1205 1259 1269 imperatore
1295 1204 1480 1260 Remis,

64 1293 230 1329 contra
268 1282 565 1331 voluntatem
601 1282 778 1330 ducum
818 1294 864 1331 et
899 1284 1131 1330 exercitus
1159 1284 1480 1338 Francorum,

62 1360 332 1425 pacificatus
370 1371 438 1408 est
450 1380 463 1418 ;
501 1362 639 1426 eique
677 1361 1067 1427 Lotharingiam,
1109 1360 1240 1426 quod
1277 1361 1484 1407 Francos

62 1440 208 1502 magis
229 1440 556 1496 contristavit,
583 1439 778 1504 largitus
797 1450 866 1487 est
885 1441 972 1504 (2).

125 1519 274 1565 Anno
298 1516 356 1563 ab
384 1518 713 1565 incarnatione
737 1519 932 1566 Domini
956 1523 1280 1565 nccchxxvl⁰
1305 1516 1483 1565 Lotha—

62 1595 159 1641 rius
172 1613 255 1643 rex
274 1606 494 1643 mortuus
511 1607 598 1656 est,
617 1607 664 1643 et
679 1597 838 1644 Remis
859 1597 909 1644 in
925 1596 1115 1644 basilica
1137 1596 1260 1645 beati
1281 1596 1481 1661 Remigii

61 1673 270 1737 sepultus
306 1684 376 1721 est
411 1675 505 1738 (5).
542 1673 810 1722 Ludovicus
843 1692 958 1722 vero
983 1675 1107 1722 filius
1144 1677 1241 1739 ejus
1273 1691 1321 1720 x1
1347 1674 1484 1721 annis

60 1768 208 1816 regno
222 1752 404 1815 potitus
422 1762 508 1809 est,
531 1762 577 1799 et
595 1751 849 1800 defunctus
866 1753 915 1799 in
931 1751 1119 1800 basilica
1135 1753 1282 1799 sancti
1302 1751 1483 1798 Corne-

62 1827 110 1874 lii
125 1830 350 1894 martyris
369 1828 668 1894 Compendio
687 1830 895 1895 sepultus
910 1842 979 1877 est
994 1831 1087 1894 (4).
1104 1829 1305 1877 Karolus
1325 1840 1482 1876 autem

61 2002 106 2037 de
123 2002 318 2038 l'antienne
336 2006 518 2038 entonnee
536 2006 555 2038 ὶι
571 2004 815 2038 Montmartre
836 2003 965 2050 parles
985 2002 1155 2037 chantrcs
1173 2001 1218 2035 de
1235 2001 1454 2048 l'emperenr
1476 2017 1481 2033 :

61 2061 128 2096 Ad
143 2061 393 2109 pompandam
418 2064 582 2096 victor-ise
605 2075 683 2097 ειμι)
707 2063 883 2107 gloriam,
914 2061 969 2096 dit
996 2061 1027 2095 la
1053 2061 1257 2107 chronique
1284 2059 1329 2093 de
1350 2058 1481 2093 Bandri

59 2119 148 2155 dans
167 2133 218 2155 un
237 2120 326 2167 style
346 2120 553 2155 tout-ii-sait
572 2133 616 2155 en
636 2127 785 2167 rapport
804 2132 886 2154 avec
904 2119 935 2153 la
955 2120 1092 2167 gravitc
1111 2119 1161 2153 du
1180 2118 1243 2153 fait
1264 2119 1431 2165 suppose.

105 2180 155 2225 (ι)
182 2179 211 2214 ll
229 2192 252 2226 y
270 2193 288 2214 a
307 2181 401 2214 aussi
422 2180 610 2226 beaucoup
627 2179 897 2226 d'exageratiou
916 2178 1005 2213 dans
1023 2190 1063 2213 ce
1083 2189 1243 2225 passage,
1263 2177 1478 2223 enipi-unte,

60 2251 200 2275 comme
214 2253 254 2275 ce
272 2241 336 2288 qui
351 2240 522 2287 precede,
545 2242 563 2274 a
578 2240 610 2274 la
628 2240 832 2287 chronique
849 2239 1041 2286 d'Hugnes
1056 2238 1101 2273 de
1122 2238 1243 2273 Fleuri
1258 2265 1266 2279 ‚
1283 2250 1354 2285 que
1375 2244 1480 2271 notre

60 2305 189 2334 auteur
208 2312 227 2334 a
245 2300 370 2347 copiec
393 2312 524 2335 encore
544 2299 624 2347 plus
648 2299 910 2335 litterale-ment
935 2312 980 2335 en
1001 2298 1258 2346 reproduisant
1275 2298 1326 2332 les
1344 2298 1480 2332 menies

60 2357 140 2394 faits
158 2358 246 2394 dans
267 2371 330 2393 son
350 2359 438 2394 livre
457 2371 519 2393 vu.

104 2419 154 2464 (α)
178 2420 263 2455 Ceci
291 2426 346 2454 est
368 2431 498 2454 encore
527 2420 602 2466 pris
629 2419 716 2454 dans
741 2419 774 2454 la
802 2420 919 2455 meme
945 2419 1160 2466 chronique.
1183 2418 1473 2463 L'arrangeuwnt

61 2485 164 2513 entre
181 2478 232 2514 les
246 2479 341 2514 deux
361 2490 578 2526 nionarques
592 2486 655 2514 eut
672 2479 743 2513 lieu
764 2492 808 2514 en
825 2480 909 2527 980.
926 2479 1027 2514 Bous
1045 2490 1201 2526 pensons
1219 2490 1302 2512 avec
1323 2477 1354 2511 la
1369 2477 1478 2511 chro-

62 2537 171 2585 nique
198 2551 354 2575 saxonne
374 2552 445 2587 que
471 2551 510 2573 ce
535 2538 589 2573 sut
614 2540 634 2573 ii
659 2538 863 2585 Ingelheim
893 2539 1012 2585 plutot
1036 2539 1118 2586 qu'ii
1142 2538 1286 2581 Reims,
1316 2550 1363 2572 ou
1392 2537 1477 2571 bien

61 2609 172 2644 super
192 2598 510 2645 Car-uttzstuut'ztnz,
531 2611 673 2633 comme
690 2598 722 2633 le
740 2598 860 2633 disent
878 2599 928 2633 les
943 2599 1124 2646 Francais.

105 2655 155 2704 (3)
181 2659 227 2693 Le
253 2660 306 2694 roi
335 2660 505 2695 Lothaire
532 2666 680 2693 mourut
706 2660 942 2706 cmpoisonne
969 2672 1034 2707 par
1060 2672 1095 2694 sa
1124 2659 1256 2694 semme
1283 2658 1428 2700 Emnia,
1458 2659 1476 2690 ξι

61 2716 300 2765 Compiegne‚
323 2719 356 2754 le
375 2733 394 2755 2
415 2733 510 2755 mars
525 2720 614 2768 986,
634 2727 671 2755 et
690 2720 744 2754 sut
761 2722 906 2755 enterrc
924 2722 943 2754 ii
961 2720 1191 2755 Saint-Remi
1211 2719 1256 2754 de
1276 2719 1413 2752 Rvims.

108 2776 157 2819 (4)
183 2777 289 2813 Louis
307 2779 353 2823 V,
370 2779 424 2814 dit
441 2780 474 2815 le
500 2781 693 2825 Faineant,
720 2783 906 2816 conronnc
929 2783 947 2815 ἐι
972 2781 1200 2828 Οοιηρίὺςηυ
1223 2779 1272 2814 du
1290 2779 1403 2811 vix-ant
1431 2775 1475 2808 d·-
