1738 3043
524 239 676 279 LIBER
707 239 986 279 SECUNDUS.
1395 243 1472 278 :288

47 323 221 368 siarum
259 319 449 366 Achaiae
491 337 650 366 coram
689 320 829 383 positi
871 319 1120 373 viderunt,
1161 329 1207 364 ct
1242 319 1473 365 universis

48 399 249 447 ecclesiis
269 415 354 462 per
376 409 584 461 quatuor
603 397 788 443 climata
812 396 976 443 mundi
996 395 1269 443 constitutis
1289 397 1474 444 utiliter

47 488 93 524 et
121 477 366 542 eleganter
388 477 696 540 scripserunt.

111 555 259 619 Egeas
290 553 548 617 proconsul
580 552 637 599 dc
669 550 945 598 Macedonia
971 569 1206 616 regressus
1229 553 1363 599 venit
1386 554 1474 599 Pa-

49 644 166 689 tras,
189 650 297 698 quae
317 642 386 679 cst
406 632 568 679 civitas
589 629 807 687 Acliaiae,
831 640 878 676 et
896 629 1139 676 credentes
1163 629 1355 678 Christo
1379 647 1475 678 coe-

45 713 116 776 pit
156 711 212 758 ad
254 711 478 758 sacrificia
523 710 764 757 idolorum
805 709 1109 773 compellere.
1155 709 1241 754 Cui
1283 721 1474 756 sanctus

44 789 256 837 Andreas
294 790 537 846 occurrit,
574 790 823 853 ipsumque
862 786 1228 834 rationabilibus
1253 787 1392 834 dictis
1416 789 1473 836 ad

44 886 204 916 veram
239 868 378 916 fidem
415 868 618 916 invitare
645 868 830 933 sategit.
868 867 959 913 Sed
986 867 1033 912 in
1060 866 1332 915 malivolam
1366 868 1474 914 ani-

44 963 171 992 mam
206 946 432 1010 sapientia
470 963 570 993 non
613 944 852 991 introivit.
889 944 1067 992 Verum
1104 944 1260 1009 largus
1298 944 1473 991 divinae

43 1024 343 1089 dispeusator
383 1024 587 1089 sophiae,
631 1023 849 1089 quamvis
887 1023 1034 1088 impio
1076 1039 1176 1069 non
1217 1022 1475 1088 profuisset

43 1103 208 1168 Egeae,
244 1103 345 1149 aliis
378 1114 560 1160 tamen,
594 1103 676 1168 qui
710 1102 1032 1167 praedestinati
1059 1112 1196 1148 erant
1219 1102 1275 1148 ad
1299 1103 1470 1159 vitam,

43 1180 240 1229 uberem
278 1183 485 1229 eoelestis
526 1181 762 1229 doctrinae
805 1181 1024 1246 profudit
1064 1181 1358 1228 alimoniam.
1406 1183 1474 1228 De

43 1261 277 1324 mysterio
299 1261 452 1306 crucis
471 1260 676 1306 multum
699 1259 960 1324 prudenter
981 1260 1225 1316 tractavit,
1245 1277 1331 1306 cur
1349 1260 1474 1307 Deus

43 1336 190 1384 homo
220 1338 369 1384 faetus
394 1348 463 1384 est
485 1349 531 1384 ct
553 1356 711 1402 passus
736 1337 921 1403 liquido
951 1337 1198 1394 disseruit,
1231 1336 1474 1385 ordinem-

42 1433 135 1481 que
167 1414 423 1462 dominicae
459 1416 714 1480 passionis,
749 1427 796 1463 et
827 1433 1134 1463 communem
1166 1414 1360 1462 humani
1392 1432 1473 1481 ge—

45 1492 170 1538 neris
208 1492 480 1557 profectum
516 1492 786 1540 luculenter
814 1494 1128 1558 deprompsit.
1166 1493 1288 1539 Hinc
1328 1493 1473 1539 iratus

41 1571 188 1635 Egeas
219 1570 490 1634 apostolum
517 1569 902 1634 comprehendit,
935 1581 981 1618 et
1009 1571 1056 1616 in
1087 1587 1273 1617 carcere
1307 1580 1473 1617 retru-

43 1651 129 1707 sit,
156 1646 212 1692 ad
239 1665 382 1712 quem
405 1647 668 1694 multitudo
694 1665 817 1712 pene
844 1648 990 1695 totius
1021 1647 1285 1712 provinciae
1310 1647 1468 1704 venit3

44 1725 107 1772 ita
143 1737 197 1772 ut
229 1728 403 1791 Egeam
441 1727 618 1773 vellent
653 1727 891 1783 occidere,
927 1737 975 1774 et
1011 1726 1279 1792 apostolum
1308 1725 1473 1772 fractis

36 1805 194 1868 januis
219 1804 437 1851 liberare.
470 1805 681 1852 Andreas
705 1817 866 1852 autem
896 1805 1179 1851 salutaribus
1204 1823 1281 1852 eos
1313 1805 1472 1852 moni-

45 1883 103 1929 tis
135 1883 452 1947 compescuit,
495 1901 580 1947 per
614 1893 763 1930 totam
791 1895 980 1929 noctem
1008 1883 1225 1940 edocuit,
1249 1883 1472 1929 Domini-

44 1979 136 2027 que
168 1962 273 2007 Jesn
309 1962 585 2026 patientiam
613 1962 667 2007 ad
694 1963 974 2009 memoriam
1010 1961 1274 2017 revocavit3
1314 1978 1472 2025 popu-

44 2040 263 2106 lumque,
301 2059 360 2087 ne
403 2041 667 2105 passionem
704 2059 831 2087 suam
864 2041 1139 2105 impediret,
1170 2057 1472 2104 summopere

44 2129 246 2183 rogavit.

110 2197 352 2264 Sequenti¹
376 2195 450 2243 dic
486 2197 744 2261 proconsul
782 2199 927 2262 Egens
955 2198 1081 2243 misit
1113 2213 1164 2243 ac
1193 2195 1250 2243 ad
1275 2213 1322 2243 se
1355 2213 1472 2260 apo-

45 2275 218 2322 stolum
241 2275 426 2329 eduxit,
455 2286 498 2320 vt
526 2275 688 2323 sedens
713 2293 802 2340 pro
833 2275 1059 2322 tribunali
1089 2275 1309 2322 seducere
1337 2274 1467 2320 illum

45 2354 249 2411 studuit;
282 2355 361 2401 sed
390 2356 434 2400 in
464 2356 562 2401 Deo
587 2354 811 2401 fundatus
836 2365 1003 2402 contra
1036 2355 1187 2400 minas
1208 2364 1255 2401 et
1281 2351 1471 2399 blandi-

45 2444 203 2480 menta
228 2433 420 2479 fortiter
448 2433 672 2497 perstitit.
697 2433 909 2479 Tandem
935 2434 1080 2497 Egeas
1103 2449 1212 2478 eum
1237 2450 1260 2477 a
1290 2441 1470 2495 septem

47 2510 348 2558 ternionibus
371 2511 562 2576 flagellis
581 2511 696 2556 caedi
719 2523 965 2558 extensum
986 2511 1240 2575 praeeepit;
1264 2509 1341 2557 sed
1361 2518 1470 2574 post

46 2588 240 2637 verbera
266 2590 407 2638 fortis
440 2590 613 2637 athleta
643 2589 818 2636 Christi
848 2589 1033 2636 laudem
1063 2590 1216 2636 crucis
1242 2588 1467 2653 praedica-

46 2667 142 2722 vit,
176 2677 223 2714 et
258 2668 435 2716 furenti
476 2681 686 2734 tyranno
725 2686 851 2714 veras
887 2679 1162 2715 constanter
1191 2667 1468 2715 assertiones

51 2746 301 2790 intimavit.
