1738 3043
616 181 768 219 LIBER
799 180 1005 220 PRIMUS.
1480 186 1528 221 20

101 263 319 310 arefacta.
349 262 482 308 Petra
509 269 578 308 est
603 269 842 324 protervae
869 260 1043 306 mentis
1066 259 1258 306 duritia.
1283 259 1429 307 Terra
1454 272 1522 307 est

100 340 269 387 lenitas
304 338 475 386 animae
503 335 788 384 obedientis.
823 336 902 383 Sol
932 352 1045 383 vero
1079 336 1240 383 fervor
1264 346 1334 383 est
1366 355 1522 401 perse-

101 417 307 466 cutionis
325 415 580 463 saevientis.
609 415 770 478 Spinae
789 425 901 460 sunt
920 413 1062 461 corda
1081 414 1356 461 divitiarum
1374 415 1523 462 ambi-

102 496 233 543 tione
256 494 474 541 sollicita.
502 494 634 539 Bona
660 502 784 538 terra
810 501 880 539 est
902 491 1069 539 devota
1104 502 1150 539 et
1180 491 1330 539 fidelis
1353 511 1488 540 mens
1505 529 1518 550 ,

99 590 207 638 quae
231 570 445 618 fructum
467 568 624 617 reddit
643 569 978 626 centesimum,
1009 579 1055 615 et
1081 574 1420 633 sexagesimum
1437 606 1450 628 ,
1478 581 1525 617 et

101 648 410 696 tricesimum.
452 646 777 694 Centesimum
816 646 1030 692 fructum
1070 645 1254 703 reddit,
1294 647 1376 711 qui
1418 647 1523 693 uni-

100 746 228 776 versa
264 727 545 774 aeternitatis
583 725 854 772 intentione
889 724 1032 782 facit;
1074 725 1440 789 sexagesimum,
1477 725 1523 771 id

98 817 167 855 est
188 824 308 872 opus
334 805 600 871 perfectum
625 822 734 851 cum
759 803 977 852 doctrina
997 840 1010 861 ,
1038 814 1238 868 propter
1266 822 1343 851 sex
1369 813 1416 850 et
1437 803 1524 850 de-

98 903 224 943 cem;
247 885 570 941 tricesimum,
595 883 641 929 id
665 893 734 930 est
754 881 897 929 fidem
918 899 1028 928 cum
1051 882 1269 929 doctrina
1284 920 1296 942 ,
1321 892 1523 946 propter

98 963 187 1010 tria
213 973 261 1010 et
283 961 463 1010 decem.
492 963 610 1009 Item
634 960 773 1008 aliter
797 982 806 1007 :
837 961 1132 1008 Centesimus
1165 960 1350 1007 fruetus
1376 961 1524 1026 virgi-

97 1059 215 1089 num
241 1052 338 1099 est,
370 1051 417 1089 et
450 1051 719 1106 martyrum
752 1057 843 1104 pro
874 1041 1096 1087 societate
1126 1040 1263 1097 vitae,
1292 1057 1373 1087 seu
1404 1058 1523 1087 con—

98 1129 284 1183 temptu
318 1119 504 1166 mortis.
544 1118 866 1183 Sexagesimus
899 1117 1152 1164 viduarum
1186 1127 1283 1176 est,
1322 1128 1522 1182 propter

98 1196 254 1243 otium
273 1196 471 1243 interius
487 1232 501 1254 ,
527 1197 636 1261 quia
666 1213 766 1242 11011
786 1206 1004 1260 pugnant
1025 1205 1192 1242 contra
1219 1195 1520 1242 consuetudi-

98 1292 209 1322 nem
247 1275 417 1321 carnis.
461 1273 592 1321 Solet
625 1275 754 1321 enim
786 1274 943 1321 otium
976 1274 1288 1339 sexagenariis
1323 1274 1520 1321 concedi

96 1361 205 1415 post
247 1351 487 1398 militiam.
529 1351 817 1398 Tricesimus
855 1368 970 1398 vero
1010 1353 1379 1416 conjugatorum
1415 1363 1516 1407 est,

95 1430 207 1493 quia
234 1427 334 1476 haec
358 1439 469 1475 aetas
494 1428 818 1493 praeliantium
845 1438 915 1475 est
940 1428 1034 1493 (1).

160 1508 340 1556 Deinde
376 1525 514 1555 verus
551 1507 783 1573 propheta
823 1506 1180 1555 confluentibus
1218 1506 1372 1554 turbis
1409 1509 1518 1556 alias

95 1587 321 1651 propinat
349 1585 622 1651 parabolas,
663 1586 720 1634 de
755 1585 888 1634 bono
915 1587 1094 1634 semine
1118 1587 1351 1635 seminato
1385 1598 1431 1634 et
1465 1588 1523 1635 de

95 1664 300 1722 zizaniis,
326 1664 384 1712 de
400 1682 550 1730 grano
574 1665 767 1729 sinapiS,
794 1664 915 1712 etde
932 1665 1191 1723 fermento,
1215 1663 1346 1730 quod
1364 1683 1523 1730 accep-

98 1752 198 1789 tum
234 1743 408 1791 mulier
435 1744 484 1789 in
520 1743 687 1790 sarinae
724 1744 833 1790 satis
870 1743 1022 1790 tribus
1058 1742 1332 1802 abscondit,
1371 1743 1523 1792 donec

95 1819 467 1868 fermentaretur
492 1831 667 1868 totum.
697 1821 912 1868 Salvator
942 1821 1106 1869 sedens
1132 1822 1181 1868 in
1216 1823 1351 1880 navi,
1387 1823 1519 1888 quasi

97 1898 225 1946 dives
257 1899 592 1963 paterfamilias
629 1900 853 1946 invitatos
882 1899 1078 1946 diversis
1102 1899 1258 1947 reficit
1292 1900 1436 1957 cibis,
1465 1910 1519 1945 ut

99 1977 425 2042 unusquisque
464 1977 723 2024 secundum
766 1987 986 2024 naturam
1027 1976 1257 2024 stomachi
1298 1977 1521 2025 alimenta

98 2056 356 2118 susciperet
388 2056 532 2101 varia.
572 2055 778 2101 Diversis
818 2073 930 2120 ergo
970 2055 1125 2101 utitur
1165 2053 1429 2119 parabolis,
1467 2067 1523 2101 ut

97 2131 348 2179 satisfaciat
374 2131 703 2179 voluntatibus
728 2133 868 2179 variis
892 2134 984 2197 (2).

161 2211 375 2258 Dimissis
402 2210 580 2269 turbis,
610 2212 656 2258 in
683 2211 883 2258 domum
907 2212 1067 2268 venit,
1103 2223 1149 2259 et
1181 2211 1522 2276 interroganti-

97 2290 184 2336 bus
210 2290 451 2354 discipulis
488 2289 760 2355 parabolam
798 2290 1092 2337 zizaniorum
1127 2289 1383 2336 declaravit
1423 2290 1516 2353 (5).

98 2369 139 2414 T
143 2386 237 2415 une
257 2370 399 2417 etiam
423 2368 480 2416 de
502 2364 722 2416 thesauro
748 2367 1031 2416 abscondito
1057 2369 1104 2414 in
1130 2385 1268 2433 agro,
1294 2366 1351 2414 de
1374 2385 1521 2432 nego-

144 2578 438 2623 (1)Matth.x1n‚
465 2576 567 2620 1-23;
588 2578 700 2612 Marc.
725 2589 774 2622 ιν,
801 2589 903 2621 1⁷-2o·,
924 2577 1011 2612 Luc.
1033 2589 1094 2612 vni
1109 2606 1118 2621 ‚
1141 2575 1239 2620 4-15.
1256 2597 1298 2602 —
1318 2577 1368 2623 (α)
1389 2576 1520 2611 Matth.

101 2648 179 2680 xiii,
212 2636 346 2680 24-55;
377 2637 488 2672 Marc.
521 2650 573 2683 w,
607 2636 737 2682 26-33;
768 2638 854 2673 Luc.
887 2649 968 2680 xiii,
1005 2637 1125 2673 18-21.
1149 2658 1194 2664 —
1216 2635 1264 2683 (5)
1283 2637 1416 2672 Matth.
1440 2647 1520 2677 xm,

100 2691 228 2738 36-43·‚
252 2697 362 2731 Marc.
387 2708 431 2738 iv,
461 2695 518 2738 54.
