1738 3043
220 274 299 313 2415
588 273 621 309 ll
632 272 832 311 ls'l‘ORlA
862 273 1266 312 ECCLESIASTICA.

220 366 268 403 et
291 372 483 419 sperans
505 352 565 399 ab
589 370 648 400 eo
670 354 890 418 pecunias
915 354 1162 411 obtinere,
1191 353 1471 419 frequenter
1505 356 1643 405 illum

220 432 452 480 accersiit.
502 431 707 479 Biennio
742 432 959 497 expleto,
996 433 1220 481 Porcium
1265 432 1456 480 Festum
1506 434 1640 483 Felix

220 527 536 558 successorem
564 511 770 575 accepit3
808 522 854 559 et
881 511 1056 558 Judaeis
1084 511 1283 577 gratiam
1302 523 1526 576 praestare
1552 531 1648 562 vo-

221 588 322 635 lens
337 623 348 643 ,
377 587 576 634 Paulum
601 588 649 634 in
669 589 870 635 vinculis
890 589 1087 654 reliquit
1108 590 1201 653 (ι).

287 665 396 713 Non
436 666 592 714 multo
632 677 740 731 post
768 667 931 714 Festus
965 668 1226 715 Caesaream
1272 666 1516 715 descendit
1539 704 1553 728 ‚
1594 678 1644 715 et

222 744 422 791 Paulum
444 761 661 791 accusare
685 745 860 791 Judaeis
884 745 1130 810 praecepit.
1159 745 1231 791 llli
1255 762 1370 792 vero
1400 745 1573 792 multas
1596 756 1645 793 et

220 840 383 886 graves
409 839 565 868 causas
594 823 634 869 ei
660 821 969 886 objecerunt,
1012 840 1128 887 quas
1171 821 1376 887 probare
1411 839 1514 870 non
1550 840 1644 887 po-

223 911 448 958 tuerunt,
475 901 621 948 Paulo
645 902 882 949 rationem
907 901 1136 948 reddente
1165 921 1175 947 ε
1217 902 1465 966 Quoniam
1492 918 1647 966 neque

223 981 273 1025 in
298 979 451 1043 Iegem
475 980 757 1026 Judoeorwn
769 1018 785 1038 ,
813 997 967 1044 neque
1002 981 1051 1025 ιή
1093 980 1374 1045 Templum,
1409 997 1562 1045 neque
1594 981 1649 1028 in·

226 1058 471 1103 Coesarem
509 1059 775 1121 quicquam
810 1057 1032 1123 peccavi.
1076 1056 1291 1104 Tandem
1331 1074 1421 1121 pro
1466 1057 1648 1104 insidiis

222 1134 500 1181 Judaeorum
530 1144 578 1181 et
615 1135 1005 1199 tergiversatione
1027 1133 1227 1197 judicis,
1267 1134 1347 1198 qui
1386 1134 1452 1181 eis
1488 1133 1651 1184 favere·

225 1210 419 1257 niolitus
464 1221 561 1267 est,
602 1211 836 1258 Caesarem
874 1210 1109 1276 appellare
1152 1211 1424 1275 compulsus
1465 1222 1552 1258 est.
1591 1212 1647 1258 ln

226 1289 460 1336 concione
482 1306 644 1337 coram
668 1289 876 1354 Agrippa
907 1306 1017 1353 rege
1057 1299 1105 1336 et
1135 1289 1275 1336 Festo
1298 1287 1498 1352 praeside
1529 1306 1651 1354 pro-

227 1366 396 1413 ductus
427 1377 526 1424 est,
567 1377 615 1414 et
644 1377 835 1414 extenta
875 1383 1046 1424 manu,
1083 1366 1321 1413 rationem
1359 1365 1561 1414 reddens
1591 1365 1651 1415 de

228 1445 479 1492 vocatione
503 1462 584 1491 sua
608 1455 655 1491 et
679 1443 770 1491 fide
790 1442 993 1501 Christi,
1017 1454 1087 1490 sat
1109 1443 1393 1509 eloquenter
1416 1453 1652 1492 contesta-

233 1531 307 1568 tus
322 1533 407 1568 est.
431 1523 648 1587 Denique
663 1522 824 1568 cuncti
844 1520 1149 1585 prudentiam
1168 1524 1266 1586 ejus
1282 1521 1501 1568 admirati
1517 1531 1654 1580 sunt,

229 1609 278 1646 et
300 1600 467 1647 semoti
493 1600 746 1664 optimates
762 1599 818 1645 ad
840 1599 1044 1645 invicem
1067 1598 1292 1645 dixerunt
1311 1619 1322 1645 :
1342 1599 1487 1646 Nilzil
1504 1610 1655 1647 morte

231 1689 315 1723 aut
338 1678 549 1724 vinculis
573 1677 777 1742 dignum
797 1677 1046 1741 quidfiecit
1064 1676 1207 1723 homo
1227 1677 1330 1723 iste.
1355 1677 1652 1744 Dimittipo-

232 1767 379 1813 terat,
407 1756 453 1802 si
480 1773 577 1802 non
601 1755 898 1821 appellasset
925 1756 1185 1802 Coesarem.
1211 1755 1363 1820 Igitur
1387 1755 1516 1803 Julio
1540 1772 1655 1803 cen-

234 1835 416 1881 turioni
442 1834 654 1882 cohortis
674 1834 900 1898 Augustae
924 1832 1124 1880 traditus
1149 1843 1245 1891 est,
1276 1844 1324 1882 et
1353 1832 1661 1880 Aristarchus

232 1911 428 1958 Macedo
472 1928 581 1957 cum
613 1912 739 1957 Luca
780 1910 1034 1958 comitatus
1067 1920 1154 1958 est.
1195 1911 1251 1958 In
1286 1927 1405 1958 nave
1447 1926 1657 1958 chxxv}

231 1988 404 2053 animae
418 1986 617 2034 fuerunt
630 2022 644 2044 ,
665 1997 713 2034 et
732 1997 1100 2051 tempestuosam
1122 2005 1175 2033 ac
1189 1985 1325 2034 valde
1340 1986 1659 2052 periculosam

231 2055 584 2130 navigationem
612 2081 697 2128 per
732 2080 816 2110 xiv
855 2063 954 2111 dies
982 2063 1313 2128 pertulerunt,
1352 2062 1526 2130 quibus
1565 2079 1655 2111 nec

232 2143 413 2200 solem,
450 2160 604 2207 neque
638 2141 789 2190 sidera
825 2141 1080 2199 viderunt,·
1117 2159 1274 2208 neque
1306 2141 1498 2200 cibum,
1537 2140 1651 2206 quia

232 2221 389 2267 omnis
400 2238 503 2284 spes
514 2218 837 2265 salutisablata
855 2229 974 2275 erat,
992 2228 1314 2283 sumpserunt.
1332 2218 1504 2266 Paulus
1520 2217 1650 2266 enim

233 2296 439 2344 hiemare
463 2297 512 2342 in
537 2295 675 2342 Creta
703 2305 1025 2358 persuaserat,
1051 2294 1131 2342 sed
1156 2294 1410 2343 consilium
1434 2305 1482 2344 et
1506 2311 1651 2342 cona-

230 2386 305 2422 tus
326 2373 661 2439 gubernatoris
681 2382 727 2419 et
746 2372 953 2420 naucleri
973 2373 1302 2437 praevaluerat.
1330 2371 1515 2434 Quibus
1541 2389 1650 2420 cen-

232 2452 362 2498 turio
394 2467 505 2497 cum
540 2448 775 2497 militibus
798 2451 944 2515 magis
971 2451 1285 2516 acquieverat.
1313 2452 1528 2515 Praeceps
1558 2450 1651 2496 ita-

231 2546 324 2593 que
362 2528 604 2575 festinatio
649 2526 870 2576 hiemales
908 2528 1138 2592 procellas
1177 2540 1354 2576 temere
1394 2527 1564 2583 subiit,
1602 2535 1650 2573 et

231 2624 351 2671 pene
373 2622 568 2661 omnes,
602 2605 689 2651 nisi
716 2606 881 2652 merita
908 2606 1036 2652 Pauli
1071 2605 1426 2662 subvenissent,
1458 2605 1649 2652 demer-

276 2797 317 2837 ‘¹‘
350 2796 432 2829 Aet.
454 2801 557 2837 πρωί
594 2804 691 2835 ηιμ>
719 2804 871 2836 iorum,
894 2791 1128 2837 2271(58-()'0.„
