1738 3043
231 250 306 285 ’.Ξ-38
601 243 839 282 llls'l'ottlA
874 244 1271 282 ECCLESIAS'HCA.

227 328 457 393 petram),
474 324 595 388 jube
612 326 659 369 ιἰι
680 341 867 370 crucem
892 324 1040 370 leuari
1058 323 1150 387 (1).
1174 323 1429 371 Annuente
1447 323 1647 383 Caesarc,

232 405 450 451 doctores
468 411 661 449 aeternae
679 401 840 448 salutis
859 402 1017 448 statim
1032 420 1053 446 a
1074 411 1333 465 conspectu
1346 403 1384 466 ej
1393 420 1442 448 us
1458 401 1644 451 deducti

232 491 344 527 sunt
367 491 414 527 et
438 479 639 526 Paulino
665 478 824 526 traditi
851 489 975 526 sunt.

296 557 537 613 Paulinus,
566 558 638 602 vir
653 558 935 604 clarissimus
953 557 1233 621 magisteriae
1249 559 1512 622 potestatis,
1534 576 1649 623 apo-

232 636 378 683 stolos
401 634 577 681 Christi
602 636 830 699 suscepit,
858 646 901 681 et
930 636 976 681 in
1004 635 1212 682 custodia
1235 637 1536 694 Mamertini,
1564 636 1652 683 sub

234 731 379 759 manu
413 713 621 758 Processi
658 723 705 759 et
741 713 1040 767 Martiniani,
1079 713 1378 778 aliorumque
1414 713 1649 770 militum,

235 791 539 854 mancipavit.
571 790 638 836 lbi
667 807 838 837 novem
868 789 1109 837 mensibus
1140 791 1187 836 in
1218 808 1402 838 carcere
1427 790 1650 847 fuerunt,

236 880 283 915 et
312 869 489 915 multos
524 869 766 925 infirmos,
793 869 877 933 qui
904 868 960 914 ad
984 885 1063 915 eos
1097 879 1351 925 venerant,
1385 886 1443 915 ac
1468 868 1655 916 daemo-

238 949 396 994 niacos
421 946 720 993 orationibus
752 947 846 991 suis
873 957 1176 993 curaverunt.
1199 946 1415 1011 Denique
1442 946 1652 1006 cunctis,

236 1026 318 1088 qui
340 1025 386 1069 in
406 1023 617 1070 custodia
636 1033 771 1070 erant
785 1059 797 1079 ,
816 1021 992 1070 obnixe
1008 1022 1379 1069 vociferantibus
1392 1059 1404 1080 ,
1423 1034 1470 1070 et
1488 1040 1657 1088 aquam

238 1102 296 1148 ab
321 1103 412 1157 eis,
441 1102 552 1166 quia
584 1101 659 1146 siti
694 1099 1107 1165 periclitabantur,
1138 1101 1430 1148 unanimiter
1454 1118 1658 1165 poscen-

241 1179 365 1225 tibus
380 1215 392 1235 ‚
414 1178 670 1226 beatissimi
694 1178 895 1243 apostoli
917 1179 1070 1226 Deum
1086 1189 1371 1236 oraverunt,
1394 1189 1442 1226 et
1459 1177 1518 1225 ab
1537 1179 1656 1244 ipso,

241 1258 315 1304 cui
343 1255 648 1304 adhaerebant
666 1292 680 1314 ,
718 1257 936 1304 celeriter
967 1256 1171 1304 exauditi
1208 1268 1336 1304 sunt.
1378 1257 1498 1305 Nam
1521 1256 1661 1305 beato

241 1336 383 1382 Petro
419 1334 635 1399 apostolo
671 1335 859 1399 signum
895 1335 1047 1381 crucis
1084 1335 1132 1381 in
1165 1345 1331 1382 monte
1355 1335 1561 1399 Tarpeio
1590 1333 1662 1382 fa-

242 1414 396 1461 ciente
412 1449 425 1470 ,
467 1413 626 1460 eadem
674 1412 789 1460 hora
828 1422 1169 1460 emanaverunt
1201 1431 1336 1478 aquae
1378 1412 1436 1460 de
1476 1423 1658 1460 monte.

243 1492 383 1537 Tunc
406 1492 654 1538 Processus
679 1502 726 1538 et
748 1492 1070 1538 Martinianus
1085 1527 1098 1548 ,
1125 1502 1173 1538 et
1191 1508 1357 1538 omnes
1381 1492 1463 1556 qui
1485 1492 1535 1538 in
1561 1508 1663 1538 cus-

247 1569 371 1615 todia
397 1580 555 1625 erant,
585 1568 642 1615 ad
676 1569 814 1633 pedes
851 1569 976 1616 Petri
1020 1569 1218 1633 apostoli
1258 1570 1485 1633 prostrati
1521 1579 1659 1625 sunt3

245 1658 293 1695 et
316 1664 446 1694 XLVII
474 1647 716 1694 credentes
752 1648 799 1694 in
825 1647 1088 1694 Dominum
1116 1646 1338 1711 baptizati
1364 1657 1493 1693 sunt.
1522 1648 1663 1693 Tunc

245 1741 336 1788 pro
361 1725 425 1771 eis
449 1723 732 1770 sacrificium
755 1723 902 1770 laudis
927 1723 1132 1780 obtulit,
1161 1734 1207 1770 et
1227 1740 1391 1771 omnes
1409 1723 1663 1770 dominicae

245 1801 499 1864 participes
522 1799 816 1847 eucharistiae
834 1800 964 1847 fecit.

314 1876 436 1924 Visis
476 1877 633 1941 itaque
671 1888 744 1924 tot
783 1876 1083 1922 mirabilibus
1115 1876 1405 1941 magistriani
1433 1875 1508 1940 (2)
1541 1876 1667 1922 Pro-

249 1971 400 2001 cessus
425 1965 566 2018 atque
592 1953 905 2000 Martinianus
928 1953 1156 1999 dixerunt
1177 1952 1234 1998 ad
1257 1951 1496 2016 apostolos
1519 1971 1530 1998 ε
1552 1953 1670 1999 Per-

246 2033 347 2096 gite
378 2049 472 2095 quo
495 2031 809 2089 desideratis,
838 2032 955 2095 qaia
978 2029 1216 2077 exoblitus
1239 2030 1370 2078 Nero
1399 2029 1669 2096 desperavit

252 2109 313 2155 tie
335 2107 490 2155 vobis.
525 2107 598 2153 Illi
628 2117 785 2155 autem
815 2108 923 2153 satis
952 2125 977 2153 a
1011 2105 1238 2153 fratribus
1270 2106 1420 2171 rogati
1447 2115 1501 2152 ut
1533 2123 1669 2171 egre-

251 2186 498 2242 derentur,
530 2195 639 2249 post
670 2202 843 2232 novem
866 2202 1049 2232 menses
1081 2185 1323 2241 exierunt,
1357 2195 1403 2231 et
1432 2200 1518 2248 per
1544 2183 1669 2230 viam

253 2265 456 2329 Appiam
481 2264 536 2310 ad
562 2274 751 2327 portam
769 2273 1109 2327 pervenerunt.
1133 2264 1272 2309 Tunc
1286 2261 1456 2309 Paulus
1481 2262 1529 2309 in
1551 2260 1672 2310 urbe

301 2517 352 2561 (ι)
377 2515 477 2548 'rout
496 2526 536 2548 ce
555 2513 782 2560 paragrapho
794 2512 998 2560 jusque-la,
1022 2520 1058 2548 et
1075 2513 1125 2548 les
1146 2512 1240 2547 deux
1258 2511 1493 2559 precedents‚
1509 2516 1592 2545 sont
1604 2520 1668 2545 ex-

257 2575 360 2608 traits
374 2572 418 2607 de
433 2571 463 2606 la
483 2570 637 2606 relation
654 2571 861 2618 apocrypho
876 2571 1057 2606 attribuee
1074 2573 1094 2605 a
1111 2570 1206 2605 saint
1223 2568 1370 2605 Marcel.

303 2633 353 2675 (2)
371 2632 435 2665 Les
448 2632 715 2675 magisteriam,
730 2631 979 2676 magistriani,
993 2632 1069 2664 viri
1084 2629 1306 2674 nzagi.s·lerioe
1319 2627 1522 2672 polestalis‚
1536 2624 1668 2660 etaient

258 2693 321 2726 «les
335 2691 485 2726 officim-s
505 2690 737 2724 ministeriels
757 2689 801 2723 de
819 2690 983 2736 l'epoquc
998 2689 1047 2724 du
1065 2689 1126 2723 bas
1144 2688 1302 2734 empire,
1326 2698 1396 2734 qne
1414 2686 1587 2732 Ducange
1603 2682 1667 2717 (Ῑὸ-

258 2753 358 2797 ‹igne
383 2762 524 2783 comme
542 2755 693 2793 agenh'c
714 2752 747 2782 in
771 2749 890 2782 relmv.
