1738 3043
214 238 264 275 ,Ὠ
582 230 822 270 HISTORIA
851 226 1056 270 ECCLESI
1064 231 1252 270 ASTICA.

212 316 482 362 sociaverat.
538 309 809 374 Versipellis
859 309 1044 357 adulter
1091 327 1363 374 praecouem
1412 312 1621 359 veritatis

213 392 426 439 occidere
456 389 639 444 voluit,
678 386 756 434 sed
787 387 1019 452 populum
1038 409 1068 445 ,·
1087 405 1111 433 a
1137 406 1235 453 quo
1266 388 1350 436 Dei
1380 398 1506 436 vates
1543 407 1620 437 ve-

212 469 489 526 nerabatur,
513 466 692 513 timuit.
713 466 947 512 Joannem
971 465 1113 512 ctiam
1132 467 1338 514 llerodes
1359 465 1618 526 metuebat,

211 565 352 614 quem
386 548 545 593 virum
572 547 755 610 justum
784 554 831 591 et
864 555 1079 590 sanctum
1114 544 1290 591 sciebat
1322 566 1332 591 ε
1374 544 1453 593 sed
1489 561 1624 592 amor

211 625 422 673 mulieris
455 641 565 672 eum
601 623 737 679 vicit,
767 622 840 668 cui
866 621 1083 668 districto
1112 622 1196 669 Dei
1216 620 1397 686 judicio
1422 622 1624 688 contigit

212 714 265 750 ut
298 712 498 768 propter
529 699 793 765 appetitum
831 697 1056 745 adulterae
1092 698 1367 763 sanguinem
1399 698 1625 747 funderet

211 781 358 828 sancti
383 777 649 844 prophetae.
679 776 885 823 Herodes
909 775 983 823 dic
1006 775 1172 827 natalis
1196 777 1265 822 sui
1297 774 1484 823 coenam
1511 776 1626 824 fecit

209 856 507 924 principibus
547 865 594 902 et
629 852 834 900 tribunis
872 864 918 900 et
949 854 1115 917 primis
1156 851 1382 900 Galilaeae.
1423 852 1495 900 Ibi
1529 853 1626 900 filia

209 935 520 992 llerodiadis,
557 933 672 981 dum
712 933 947 991 saltasset,
988 943 1035 979 et
1068 931 1242 980 Herodi
1285 932 1519 998 simulque
1556 950 1626 980 re-

211 1011 546 1060 cumbentibus
571 1011 846 1075 placuisset,
869 1013 1143 1073 juramento
1179 1028 1202 1056 a
1232 1028 1340 1075 rege
1374 1008 1462 1056 sibi
1496 1010 1626 1058 facto

210 1091 339 1157 quod
368 1088 595 1154 quicquid
618 1086 880 1151 postularet
901 1085 960 1132 ab
983 1104 1039 1134 eo
1065 1087 1367 1150 impetraret,
1396 1080 1627 1133 instinctu

209 1169 373 1216 matris
393 1165 586 1232 perlidae
601 1201 613 1222 ,
644 1166 691 1211 iu
715 1163 844 1211 disco
868 1163 954 1209 sibi
980 1164 1117 1227 petiit
1144 1165 1245 1210 dari
1269 1174 1411 1228 caput
1433 1164 1628 1213 Joannis

209 1248 449 1312 Baptistae.
498 1246 730 1292 Funestus
771 1260 853 1289 rex
897 1242 1232 1306 spiculatorem
1276 1242 1438 1300 misit,
1487 1252 1628 1306 caput

209 1324 518 1390 praecursoris
555 1320 729 1368 Christi
764 1321 997 1384 amputari
1025 1321 1191 1384 jussit,
1229 1320 1359 1386 quod
1389 1320 1503 1367 mcx
1537 1335 1628 1384 pro

211 1403 471 1449 saltationis
506 1400 663 1465 pretio
693 1398 888 1444 allatum
918 1409 986 1444 est
1016 1398 1064 1443 in
1100 1398 1228 1444 disco
1263 1397 1459 1461 pucllae,
1500 1406 1547 1444 et
1578 1397 1628 1442 in

211 1483 401 1546 impuro
426 1478 645 1526 convivio
666 1486 876 1523 cruentae
904 1475 1041 1522 factae
1063 1486 1176 1521 sunt
1204 1476 1372 1540 epulae.
1400 1474 1629 1539 Discipuli

211 1578 324 1607 vero
357 1557 553 1605 Joannis
590 1572 762 1619 corpus
799 1555 848 1600 in
881 1554 1087 1600 Samaria
1121 1554 1434 1618 sepelierunt,
1469 1563 1517 1601 et
1548 1570 1632 1600 ve-

214 1640 396 1686 nientes
433 1636 489 1681 ad
519 1636 705 1690 Jesum,
741 1631 841 1678 haec
877 1632 1221 1678 nuntiamrunt
1254 1632 1347 1695 (1).
1383 1631 1625 1688 Salvator,

213 1716 367 1762 audita
403 1730 516 1759 nece
553 1711 777 1775 Baptistae
807 1710 905 1766 sui,
942 1709 1049 1756 inde
1085 1711 1299 1766 secessit,
1334 1719 1380 1756 et
1414 1726 1626 1756 seorsum

214 1806 342 1841 trans
360 1809 488 1838 mare
507 1789 715 1836 Galilaeae
730 1825 742 1845 ,
765 1787 895 1852 quod
918 1798 986 1834 est
1009 1786 1299 1844 Tiberiadis,
1322 1787 1369 1832 in
1390 1785 1629 1834 desertum

209 1873 371 1920 locum
404 1869 554 1924 abiit;
597 1885 696 1914 non
731 1867 903 1912 timore
940 1866 1141 1924 mortis,
1179 1865 1258 1912 sed
1300 1883 1497 1929 parcens
1540 1864 1631 1911 ini-

213 1950 347 1996 micis
383 1947 502 2002 suis,
542 1964 602 1992 ne
638 1943 896 1991 homicidio
928 1945 1188 2008 jungerent
1219 1942 1554 1999 homicidium,
1591 1943 1628 1988 si

212 2025 382 2074 crebro
406 2024 514 2069 visis
541 2025 638 2087 ejus
661 2020 901 2068 miraculis
926 2021 975 2066 in
998 2021 1150 2067 zelum
1172 2021 1477 2068 irritarentur
1495 2018 1630 2067 lethi-

210 2104 385 2150 ferum.
436 2099 633 2147 Distulit
686 2099 843 2163 itaque
886 2098 934 2143 in
976 2097 1103 2144 diem
1143 2097 1330 2144 Paschae
1379 2097 1629 2143 interitum

211 2197 370 2234 suum,
400 2187 448 2224 et
477 2175 616 2223 nobis
647 2173 855 2239 praebuit
884 2173 1153 2236 exemplum
1178 2173 1355 2219 vitandi
1381 2172 1626 2220 temerita-

212 2268 309 2304 tem
337 2254 644 2301 tradentium.
1469 2245 1475 2250 ⁴

278 2335 400 2379 Cum
423 2329 660 2376 audissent
690 2327 868 2384 turbae,
899 2328 1134 2392 pedestres
1163 2346 1272 2375 eum
1297 2339 1469 2377 secutae
1494 2341 1622 2377 sunt.

214 2410 388 2458 videus
429 2410 558 2454 Jesus
599 2405 785 2452 turbam
823 2406 1053 2466 multam,
1089 2408 1306 2454 misertus
1342 2418 1411 2455 est
1444 2410 1540 2473 ejus
1580 2418 1627 2455 et

212 2487 393 2534 curarit
447 2483 692 2548 languidos
737 2500 920 2530 corum.
968 2483 1171 2548 Vespere
1215 2483 1371 2542 facto,
1413 2485 1626 2550 quinque

258 2734 548 2779 (1)Mattli.x1v‚
577 2731 810 2768 1-122Mm.
835 2743 889 2775 vn,
923 2732 1236 2779 14-293Luc.111,
1263 2743 1319 2777 19,
1341 2742 1480 2775 2031x,
1501 2742 1574 2778 7-9.
