1738 3043
562 205 714 247 LIBER
741 205 1020 246 SECUNDUS.
1427 209 1499 246 371

85 305 192 334 cum
228 289 360 334 omni
399 287 609 333 exercitu
642 303 728 333 suo
765 282 916 332 nimio
952 302 1163 332 moerore
1186 286 1380 333 affectus
1406 298 1503 343 est,

86 366 442 432 lacrymansque
461 364 759 412 Lemovicam
778 364 833 409 ad
851 363 1043 411 beatum
1064 365 1328 412 Martialem
1345 365 1474 412 venit
1491 402 1502 421 ,

87 445 333 508 ipsumque
359 442 605 489 humiliter
625 458 714 506 pro
736 441 836 489 filio
857 460 944 489 suo
962 441 1238 507 deprecatus
1258 455 1343 490 est.
1366 445 1505 491 Tune

84 521 247 568 multae
287 520 439 568 turbae
471 519 745 568 Gothorum
786 531 834 566 et
868 521 1165 567 VVasconum
1206 523 1505 570 Lemovicam

83 609 312 645 venerant
326 633 338 654 ‚
366 607 414 645 et
435 614 492 644 ex
515 596 708 644 diversis
727 595 1000 662 regionibus
1024 597 1182 661 plures
1203 598 1314 646 illue
1335 600 1499 664 populi

82 675 414 722 confluxerant
428 710 442 732 ‚
469 692 521 720 ac
549 692 572 720 a
606 672 745 721 beato
772 674 876 720 viro
902 672 1044 720 verba
1076 691 1200 721 verae
1233 676 1394 721 salutis
1420 694 1504 722 an-

80 753 181 800 dire
207 751 477 817 cupiebant.
505 750 764 799 Archadius
795 761 841 799 et-
869 752 1026 799 omnis
1050 752 1255 816 populus
1282 754 1338 799 ad
1366 754 1505 818 pedes

82 830 289 878 hominis
316 830 400 877 Dei
424 847 471 877 se
496 831 829 894 projecerunt,
854 841 901 877 et
931 847 1039 876 cum
1076 848 1247 895 magno
1276 832 1391 879 fletu
1415 851 1504 897 pro

79 908 374 956 adolescente
407 909 453 954 in
486 907 685 954 flumine
720 907 936 954 demerso
973 906 1361 956 obsecraverunt,
1405 911 1507 974 Ipse

78 1003 269 1052 quoque
307 985 420 1032 flere
451 985 620 1048 coepit,
649 995 696 1031 et
726 985 771 1029 in
809 984 965 1030 cilicio
997 983 1274 1032 discalciatis
1310 987 1507 1051 pedibus

77 1065 132 1111 ad
169 1065 325 1112 locum
356 1063 582 1128 perrexit.
620 1060 878 1109 Orantibus
913 1080 1028 1110 vero
1066 1065 1278 1121 cunctis,
1315 1065 1390 1111 vir
1422 1067 1503 1113 Dei

77 1142 316 1190 daemones
342 1142 389 1188 in
418 1141 552 1188 fovea
583 1140 823 1187 latitantes
846 1140 1107 1204 adjuravit,
1141 1143 1426 1207 praecipiens
1452 1155 1506 1190 ut

76 1238 250 1285 corpus
274 1219 581 1266 adolescentis
618 1218 675 1265 ad
712 1218 865 1283 ripam
900 1218 1112 1265 fluminis
1151 1219 1422 1279 deferrent,
1458 1233 1505 1269 et

79 1299 164 1363 ipsi
200 1299 248 1344 in
281 1309 538 1362 conspectu
563 1296 714 1362 plebis
738 1296 975 1344 manifesti
1000 1310 1302 1362 apparerent.
1334 1302 1502 1348 Statim

76 1395 249 1442 corpus
286 1376 343 1422 ad
374 1377 527 1441 ripam
557 1375 689 1422 ssuvii
721 1378 989 1440 projectum
1018 1387 1108 1433 est,
1139 1378 1267 1442 quasi
1295 1396 1373 1425 sex
1409 1389 1505 1426 sta-

73 1455 186 1512 diis,
217 1456 265 1502 in
290 1455 496 1512 siccum;
529 1464 577 1502 et
595 1454 837 1502 daemones
863 1454 949 1500 visi
976 1465 1090 1501 sunt
1120 1455 1166 1501 in
1189 1456 1502 1505 similitudine

73 1551 350 1599 porcorum.
375 1533 556 1580 Deinde
579 1532 760 1598 populo
782 1531 1065 1597 deprecante
1093 1543 1139 1580 et
1166 1534 1390 1599 episcopo
1419 1535 1503 1581 im-

76 1621 320 1676 precante,
346 1610 403 1658 de
426 1609 624 1658 flumine
643 1627 752 1656 cum
776 1627 950 1675 magno
977 1610 1159 1674 impetu
1183 1611 1428 1670 exierunt,
1452 1623 1499 1660 et

73 1700 183 1737 ante
224 1689 363 1755 pedes
401 1689 549 1735 sancti
589 1688 818 1735 Martialis
856 1700 1111 1736 venerunt.
1151 1690 1304 1736 Erant
1341 1701 1502 1738 autem

73 1768 203 1832 quasi
223 1766 471 1830 AEthiopes
488 1766 720 1831 nigriores
734 1765 951 1830 fuligine,
971 1766 1112 1830 pedes
1131 1783 1298 1813 eorum
1317 1770 1495 1833 magni,

75 1842 309 1890 terribiles
333 1842 458 1890 oculi
481 1853 526 1889 et
545 1842 760 1900 cruenti,
782 1842 938 1906 capilli
963 1852 1121 1889 totum
1143 1843 1364 1908 tegebant
1387 1862 1498 1893 cor-

71 1939 183 1986 pus,
208 1931 350 1987 atque
374 1938 457 1985 per
481 1937 533 1966 os
556 1937 723 1967 eorum
748 1929 794 1966 et
817 1937 949 1966 nares
973 1921 1094 1985 ignis
1120 1921 1369 1968 emanabat
1396 1923 1498 1969 sul—

73 1999 297 2064 phureus.
350 2004 617 2065 Loquentes
664 2015 777 2045 vero
818 1998 1064 2045 corvinam
1109 2016 1273 2046 vocem
1320 2001 1494 2049 imitari

72 2078 374 2127 videbantur.
425 2078 628 2126 Praesule
676 2078 869 2125 nomina
916 2095 1084 2125 eorum
1132 2080 1459 2145 interrogante
1479 2119 1492 2141 ‚

70 2176 193 2205 unus
216 2175 382 2205 eornm
415 2157 537 2204 dixit
574 2178 583 2203 :
619 2158 732 2223 Ego
769 2175 921 2205 vocor·
949 2158 1337 2218 JlIille-Artcseoe,
1380 2165 1495 2225 quia

70 2235 200 2282 mzlle
223 2235 377 2282 habeo
407 2246 532 2282 artes
564 2235 635 2281 ad
660 2235 1055 2301 decz'pibendum
1037 2254 1183 2283 ‘renus
1208 2236 1490 2285 humanum.

69 2313 205 2361 Alter
228 2313 377 2361 dixit:
406 2314 661 2379 Neptunus
691 2332 960 2380 nuncupor,
996 2332 1114 2378 qula
1138 2315 1308 2360 multos
1335 2314 1495 2363 Ιιοιηι-

70 2409 152 2438 nes
190 2410 240 2438 m
279 2391 372 2438 hac
387 2389 542 2455 fovea
570 2391 884 2457 praecipuam
924 2403 967 2437 et
1014 2409 1064 2437 ιη
1106 2392 1284 2456 z'tjerm
1310 2410 1490 2458 poenac

69 2469 291 2517 demersz.
334 2470 533 2517 Sanctus
568 2468 789 2534 pontifex
831 2468 952 2514 dixit
988 2489 998 2514 :
1041 2470 1101 2516 Ut
1136 2471 1318 2534 qula(D
1299 2476 1491 2519 “estatis

70 2549 239 2613 igneas
256 2560 453 2596 catenas
470 2551 517 2594 ιἰι
533 2567 596 2594 na
604 2547 734 2594 ribus
748 2546 952 2594 vestris?
967 2547 1218 2596 Daemones
1231 2548 1451 2594 dixerunt
1477 2571 1486 2595 ε

74 2626 289 2691 Quando
308 2629 499 2676 animas
519 2627 763 2674 hominum
783 2625 1053 2690 decipimus
1066 2661 1080 2681 ‚
1110 2626 1183 2673 ad
1205 2629 1487 2690 magistrum

70 2714 283 2752 nostrum
301 2723 408 2753 cum
428 2705 502 2753 lzz's
523 2704 706 2752 catenis
728 2703 967 2750 ducimus.
996 2703 1191 2752 Praesuli
1214 2720 1327 2750 vero
1348 2703 1491 2751 inter-
