1738 3043
189 246 234 282 18
549 241 789 279 HISTORIA
821 241 1221 282 ECCLESIASTICA.

187 338 471 386 corporum,
511 330 558 367 et
591 322 867 378 tormentis,
908 321 952 368 id
988 332 1056 369 est
1093 324 1240 369 acutis
1274 322 1595 387 passionibus,

185 397 575 463 comprehensos,
603 409 649 445 et
671 399 753 464 qui
779 398 1015 446 daemonia
1040 399 1277 447 habebant
1299 412 1345 447 et
1363 398 1598 450 lunaticos

185 488 232 525 et
257 477 568 542 paralyticos,
595 486 643 524 et
666 477 851 523 curavit
874 494 952 525 eos
976 477 1069 541 (ι).

251 555 429 602 Turbae
457 573 570 621 ergo
601 555 767 602 multae
797 541 967 603 secutae
993 566 1105 602 sunt
1127 573 1235 603 eum
1258 555 1315 604 de
1338 555 1528 604 Galilaea
1553 566 1601 604 et

183 633 404 699 Decapoli
422 670 435 691 ‚
461 633 518 681 de
541 634 848 700 Jerosolymis
877 645 924 682 et
949 633 1107 680 Judaea
1125 671 1138 692 ,
1166 645 1214 682 et
1237 634 1294 682 de
1322 645 1450 682 trans
1486 636 1602 683 Jor-

181 711 350 760 danem
368 749 379 769 ,
414 713 682 760 intentione
705 713 1110 778 quinquepartita.
1134 712 1225 759 Alii
1251 713 1379 760 enim
1402 724 1601 777 propter

182 791 376 839 coeleste
401 791 755 856 magisterium,
783 800 837 836 ut
860 790 1104 854 discipuli3
1133 790 1209 837 alii
1241 800 1441 856 propter
1466 808 1600 837 cura-

184 870 368 917 tionem
406 869 766 924 infirmitatum;
805 868 881 914 alii
918 868 1015 915 sola
1052 868 1173 914 fama
1211 878 1258 915 et
1291 868 1598 925 curiositate,

184 947 396 994 volentes
425 947 628 1011 experiri
658 964 829 993 verane
862 955 1012 993 essent
1045 963 1152 1010 quae
1183 944 1494 1003 dicebantur3
1523 945 1601 991 alii

184 1034 385 1088 propter
417 1023 672 1080 invidiam,
703 1022 915 1070 volentes
951 1041 1058 1070 eum
1095 1023 1143 1069 in
1172 1022 1332 1088 aliquo
1367 1039 1532 1087 capere
1556 1033 1602 1069 et

183 1120 431 1158 accusare;
481 1101 674 1167 quidam
716 1102 859 1149 etiam
897 1100 1218 1166 sequebantur
1259 1119 1368 1149 eum
1404 1111 1604 1165 propter

186 1179 485 1244 corporalem
508 1181 690 1226 vietum
715 1180 804 1244 (2).

250 1258 428 1306 videns
466 1267 625 1304 autem
651 1256 812 1303 turbas
845 1257 1003 1314 Jesus,
1044 1256 1254 1304 ascendit
1279 1257 1329 1304 in
1361 1268 1576 1306 montem
1588 1276 1601 1314 ;

185 1346 232 1382 et
257 1352 366 1381 eum
393 1333 610 1392 sedisset,
638 1334 695 1380 ad
715 1351 824 1381 eum
842 1344 1139 1381 accesserunt
1156 1334 1374 1399 discipuli
1401 1337 1515 1400 ejus.
1542 1336 1608 1382 Et

185 1411 400 1476 aperiens
432 1427 484 1457 os
509 1428 646 1456 suum
660 1447 675 1470 ‚
707 1411 788 1475 qui
822 1410 938 1456 olim
961 1421 1210 1474 aperuerat
1235 1427 1317 1457 ora
1344 1410 1607 1476 propheta-

185 1505 326 1543 rum,
368 1486 513 1533 edidit
553 1487 796 1551 prolixum
834 1504 1104 1533 sermonem
1139 1488 1271 1539 omni
1312 1486 1608 1552 perfectione

186 1566 406 1630 plenum;
435 1565 484 1610 in
506 1582 602 1629 quo
623 1564 820 1629 pulchre
845 1575 890 1611 et
913 1565 1096 1612 utiliter
1120 1566 1359 1629 apostolos
1382 1565 1539 1614 erudit
1560 1576 1608 1613 et

189 1645 444 1701 informat;
470 1655 549 1701 ut,
576 1645 657 1709 qui
688 1662 772 1708 per
795 1644 1007 1706 Moysem
1031 1645 1079 1690 in
1109 1644 1234 1691 Sinai
1260 1655 1427 1692 monte
1456 1645 1608 1711 legem

188 1722 402 1779 dederat,
432 1724 478 1769 in
504 1722 698 1769 Galilaea
724 1723 772 1768 in
796 1732 962 1769 monte
991 1721 1185 1769 Thabor
1209 1740 1316 1770 suos
1342 1723 1535 1781 doceat,
1562 1735 1610 1771 et

186 1800 482 1866 perfectione
509 1800 653 1847 totius
667 1800 865 1864 justitiae
888 1798 1084 1846 imbuat.
1112 1800 1233 1846 Nam
1255 1800 1311 1848 de
1330 1812 1440 1848 octo
1462 1800 1609 1848 beati-

189 1879 436 1927 tudinibus
473 1880 612 1943 plane
651 1879 870 1925 disseruit
905 1890 953 1925 et
993 1879 1159 1925 ceteris
1192 1879 1425 1926 mandatis
1459 1879 1605 1945 legis,

187 1975 331 2023 quam
361 1974 461 2004 non
488 1957 696 2014 solvere,
725 1956 805 2003 sed
832 1956 1089 2020 adimplere
1114 1957 1273 2014 venit3
1301 1968 1349 2004 et
1372 1967 1611 2022 praecepta

187 2053 327 2082 novae
347 2035 460 2100 legis
477 2036 679 2082 arctiora
697 2052 840 2100 quam
860 2035 1030 2082 veteris
1055 2035 1323 2083 testamenti
1342 2034 1474 2094 dicit,
1495 2034 1611 2082 dum

190 2114 410 2160 inimicos
440 2114 580 2160 etiam
615 2113 745 2179 diligi
776 2114 997 2177 praecipit
1019 2149 1031 2170 ‚
1071 2124 1118 2160 et
1149 2113 1524 2160 misericordiam
1561 2114 1609 2161 in

191 2191 382 2237 occulto
414 2189 697 2246 faciendam,
727 2198 774 2236 et·
803 2190 954 2235 multa
978 2189 1063 2237 alia
1096 2189 1320 2254 perfectae
1347 2189 1458 2236 vitae
1483 2191 1608 2253 jussa

190 2267 448 2330 depromit.
478 2267 546 2313 De
571 2266 790 2313 thesauro
813 2267 861 2312 in
880 2267 1004 2313 coelo
1024 2266 1298 2325 condendo,
1319 2265 1376 2315 de
1399 2284 1455 2314 eo
1478 2269 1610 2333 quod

193 2344 352 2390 nullus
383 2345 532 2409 possit
563 2342 749 2392 duobus
782 2344 988 2391 dominis
1019 2345 1217 2402 servire,
1253 2345 1310 2393 de
1342 2345 1615 2393 volatilibus

194 2433 241 2468 et
267 2421 376 2468 liliis
400 2423 524 2487 agri,
551 2422 608 2469 de
632 2422 807 2470 festuca
833 2434 880 2470 et
903 2422 1035 2469 trabe
1065 2423 1113 2469 in
1139 2423 1307 2481 oculo,
1335 2424 1393 2471 de
1427 2442 1615 2489 marga-

193 2501 295 2546 ritis
321 2512 430 2548 ante
454 2518 624 2565 porcos
650 2518 749 2548 non
780 2500 1051 2559 mittendis,
1079 2501 1136 2548 de
1158 2502 1361 2549 introitu
1387 2503 1444 2549 ad
1467 2503 1614 2548 vitam

239 2694 287 2737 (i)
315 2693 445 2728 Matth.
473 2706 526 2737 iv,
549 2692 611 2737 25,
645 2697 701 2737 24.
720 2714 766 2721 —
784 2695 834 2739 (ιι)
855 2694 984 2729 Matth.
1008 2706 1060 2736 iv,
1088 2693 1153 2737 253
1177 2695 1287 2729 Marc.
1313 2706 1370 2737 ιιι,
1393 2707 1430 2742 7,
1452 2695 1497 2736 8·,
1526 2694 1609 2728 Luc.

275 2765 283 2784 1

198 2763 247 2787 xl,
294 2764 312 2798 7
