1738 3043
572 198 724 237 LIBER
755 198 1032 237 SECUNDUS.
1437 202 1514 237 2385»

96 290 192 327 'tate
224 279 508 344 permansit,
537 289 584 325 et
616 277 863 324 Theodora
899 290 1006 342 post
1036 279 1193 324 missas
1217 288 1380 327 sancto
1403 280 1514 326 Cle-

99 358 248 404 menti
279 374 412 421 papae
445 355 664 402 ordinem
694 355 760 401 rei
794 365 935 418 gestie
970 356 1241 403 insinuavit.
1273 358 1374 422 lpse
1400 375 1514 405 vero

98 434 360 500 populum,
388 444 440 480 ut
471 434 621 480 Deum
645 443 862 488 orarent,
899 433 1165 480 admonuit.
1200 434 1380 482 Deinde
1405 453 1514 482 cum

98 513 299 560 muliere
329 513 385 559 ad
415 523 646 577 {egrotum
672 512 908 575 perrexit,
943 522 989 557 et
1016 512 1283 560 orationem
1316 513 1516 571 faciens,

99 590 253 636 visum
278 600 325 636 et
348 589 561 636 auditum
581 588 621 634 ci
642 588 802 634 statim
821 589 1046 634 restituit.
1074 589 1156 635 llle
1175 601 1334 637 autem
1354 609 1519 656 recep—

101 669 160 716 tis
184 667 397 715 sensibus
425 666 639 731 corporis
659 683 819 713 amens
842 665 994 713 factus
1021 677 1112 722 est,
1143 678 1189 714 et
1223 668 1517 717 Clementem

101 747 398 812 episcopum,
427 763 571 810 quem
593 744 651 791 ad
682 747 933 810 conjugem
964 762 1096 791 suam
1131 746 1391 811 ingressum
1426 766 1520 795 csse

99 824 320 891 putabat,
364 824 512 871 teneri
557 833 604 870 et
646 822 765 869 trahi
807 824 1051 888 prfecepit.
1095 824 1225 871 Servi
1269 842 1383 871 vero
1423 828 1519 890 ejus

100 920 254 950 saxeas
273 903 517 950 columnas
534 900 769 967 ligabant,
792 912 839 948 et
858 919 988 948 nunc
1006 901 1193 949 deintus
1215 903 1340 949 foras
1354 941 1367 960 ‚
1390 922 1522 953 nunc

100 980 276 1029 deforis
314 982 444 1028 intus
481 978 749 1027 trahebant.
790 981 1000 1029 Sisinnio
1037 982 1193 1047 itaque
1232 1000 1341 1029 cnm
1376 986 1520 1032 servis

101 1062 196 1107 suis
233 1060 519 1116 insaniente,
556 1059 774 1107 Clemens
811 1060 1028 1117 recessit,
1064 1070 1112 1107 et
1144 1060 1395 1109 Theodora
1431 1083 1521 1128 pro

102 1139 277 1186 marito
301 1156 386 1186 suo
412 1150 510 1186 tota
533 1137 608 1186 die
633 1156 742 1185 cum
772 1139 993 1204 lacrymis
1023 1140 1194 1186 oravit.
1223 1140 1438 1189 Tandem
1465 1143 1523 1190 ad

102 1235 351 1282 vesperum
373 1221 537 1264 Petrus
567 1218 807 1282 apostolus
833 1218 873 1264 ei
897 1219 1143 1282 apparuit,
1173 1229 1219 1266 et
1244 1220 1522 1269 confortans

102 1295 169 1341 ait
203 1314 212 1338 :
247 1296 348 1342 Per
381 1306 423 1341 te
452 1294 612 1342 salvus
644 1296 731 1341 erit
761 1294 1027 1354 Sisinnius,
1064 1307 1114 1341 ut
1149 1296 1407 1362 impleatur
1435 1298 1525 1347 lzoc

103 1372 237 1438 quod
259 1373 386 1419 discit
396 1373 563 1435 frater·
589 1391 720 1420 meus
745 1373 932 1420 Paulus
961 1374 1210 1439 apostolus
1246 1395 1256 1421 .·
1290 1376 1524 1443 Sanctzfi-

105 1450 296 1498 cabitur
313 1452 392 1497 vir
414 1450 623 1512 infidelis
641 1469 736 1517 per
739 1450 944 1516 fidelem
967 1452 1212 1499 mulierem
1235 1453 1326 1516 (ι).
1354 1455 1525 1503 Statim

103 1529 337 1576 Sisinnius
351 1565 364 1587 ,
391 1538 583 1594 recepto
602 1547 764 1586 sensu,
791 1547 877 1594 per
897 1528 1200 1577 Theodoram
1227 1531 1525 1581 Clementem

102 1606 338 1663 accersiit,
365 1616 413 1653 et
440 1606 696 1653 amentiam
727 1623 858 1653 suam
895 1606 1161 1664 confesSUS‚
1202 1610 1525 1674 omnipotenti

102 1687 202 1733 Deo
226 1684 454 1742 credidit;
494 1695 541 1732 et
575 1683 914 1732 corroboratus
951 1686 1175 1749 proximo
1207 1687 1379 1734 Pascha
1417 1706 1528 1736 cum

105 1779 314 1810 cccxxm
329 1762 586 1826 promiscui
605 1780 738 1808 sexus
751 1761 1042 1826 baptismum
1058 1765 1261 1828 suscepit
1273 1765 1362 1827 (2).
1382 1767 1524 1813 Multi

104 1839 288 1887 nobiles
314 1849 361 1887 et
393 1839 597 1886 illustres
628 1839 837 1886 Domino
873 1858 957 1903 pei·
982 1858 1091 1887 eum
1122 1840 1453 1900 crediderunt,
1481 1855 1527 1891 et

105 1936 263 1966 veram
287 1916 428 1965 sidem
451 1916 757 1981 suscipientes
775 1915 997 1982 baptizati
1021 1929 1149 1964 sunt.

166 1996 362 2044 Publius
399 1997 711 2060 Torqueanus
749 2013 993 2042 sacrorum
1029 2014 1186 2044 comes
1221 1998 1522 2047 multitudini

102 2074 485 2145 Christianorum
515 2072 710 2130 invidit,
743 2072 945 2138 dataque
968 2075 1167 2138 pecunia
1198 2077 1413 2139 patronis
1445 2096 1525 2125 rc-

102 2153 302 2217 gionum
319 2151 503 2199 nomini
525 2150 786 2198 christiano
802 2152 1081 2199 seditionem
1099 2153 1336 2199 excitavit.
1362 2154 1524 2203 Admi-

107 2232 339 2278 nistrante
360 2230 648 2277 Mamertino
672 2229 1007 2295 praefecturam
1031 2231 1195 2296 populi
1217 2234 1430 2289 romani,
1452 2252 1524 2282 se-

106 2309 227 2357 ditio
251 2309 370 2355 facta
396 2319 490 2365 cst;
518 2318 565 2355 et
587 2307 758 2356 Publio
778 2310 1066 2375 Torqueano
1083 2309 1282 2374 jubente
1306 2312 1522 2361 Clemens

107 2397 288 2436 secreto
319 2387 372 2434 ad
400 2404 508 2433 eum
533 2386 789 2451 perductus
813 2398 906 2445 est,
940 2389 1191 2454 ipsumque
1210 2388 1419 2453 judicem
1444 2409 1522 2437 ra-

151 2593 201 2638 (ι)
227 2593 256 2627 I.
284 2593 364 2628 Cor.
393 2596 444 2635 ¹4·

151 2652 203 2697 (2)
229 2652 350 2688 Toute
366 2659 460 2688 cette
479 2651 631 2699 legende
650 2651 695 2687 dc
715 2636 1044 2705 saintee'l'luffodora
1061 2661 1114 2689 est
1132 2656 1338 2702 apocryph(-
1351 2684 1358 2697 ,
1382 2668 1521 2690 conum·

108 2711 131 2745 il
151 2718 205 2747 cst
223 2711 325 2747 facilc
342 2712 387 2748 de
405 2713 476 2748 s’cu
496 2712 715 2760 aperccvoir.

204 2787 235 2817 1.
923 2783 934 2795 ’·
1268 2773 1322 2817 2¹3
