1738 3043
610 192 758 231 Lllsssslt
789 193 1066 232 metamus.
1475 198 1543 236 -lol

131 270 343 317 Sanctus·
366 289 487 318 unus
523 272 646 318 Deus
679 283 763 319 est.
792 275 970 319 Contra
1004 272 1257 322 Godoliam
1291 287 1337 323 et
1359 278 1547 324 Annam

130 348 305 395 scribas
337 367 391 396 ex
427 349 769 414 prophetarum
811 350 942 397 libris
981 353 1162 418 liquido
1194 355 1549 403 manifestatum

130 437 200 474 cst
222 427 465 474 Christum
497 428 554 475 dc
577 429 773 492 Virgine
799 440 962 475 natum
980 467 991 486 ‚
1019 449 1039 476 a
1065 431 1257 479 diaholo
1284 444 1518 481 tentatum
1535 471 1547 492 ,

129 522 153 551 a
182 504 416 570 discipulo
448 506 704 561 traditum,
741 505 799 552 al)
833 506 1047 554 hostibus
1082 519 1294 567 tentum,
1331 511 1547 569 illusum,

130 581 441 647 flagellatum,
462 593 594 631 aceto
619 593 835 648 potatum
852 620 865 641 ,
888 585 1134 633 venditum
1151 624 1163 644 ,
1183 590 1330 653 spinis
1355 608 1553 640 corona-

131 669 262 717 tum,
287 661 566 725 spoliatum,
592 661 872 708 vestimenta
897 665 994 727 ejus
1023 665 1070 710 in
1096 677 1274 713 sortem
1306 668 1549 725 cecidisse,

130 739 258 784 cruci
286 739 499 795 affixum,
537 750 784 786 mortuum
817 751 863 787 et
895 741 1152 805 sepultum.
1190 745 1367 792 Contra
1398 747 1554 795 Dohet

130 826 177 865 et
200 816 341 864 Chusi
366 816 648 874 didascalos,
676 828 724 865 et
753 820 960 867 Bonoim
994 831 1039 868 et
1062 821 1239 870 Arohel
1272 825 1553 889 interpretes

129 894 267 960 legis,
294 896 498 942 maxima
524 896 705 942 utilitas
743 897 1084 946 incarnationis
1117 899 1292 947 Christi
1323 912 1370 948 et
1395 913 1553 950 tenta-

129 973 274 1022 tionis
298 992 351 1021 ac
375 975 604 1039 passionis
634 986 816 1023 ostensa
844 988 930 1024 est.
962 978 1139 1025 Contra
1163 979 1301 1027 Jobal
1328 992 1374 1028 et
1399 981 1553 1028 Thara

129 1051 385 1117 pharisaeos
403 1052 675 1101 authentice
696 1055 996 1119 propalatum
1021 1067 1091 1102 est
1110 1058 1240 1122 quod
1265 1060 1290 1104 J
1295 1077 1397 1107 esus
1417 1059 1554 1107 Chri-

128 1141 226 1177 stus
250 1129 489 1194 perfectus
512 1131 635 1177 Deus
655 1141 702 1178 et
720 1131 956 1195 perfectus
980 1132 1126 1181 homo
1150 1147 1244 1190 est,
1273 1138 1353 1200 qui
1380 1155 1551 1184 secun—

128 1205 243 1253 dum
259 1206 621 1264 humanitatem,
640 1218 694 1254 ut
710 1208 932 1255 omnibus
947 1210 1146 1257 salutem
1167 1211 1429 1270 exhiberet,
1449 1224 1551 1261 ten-

130 1294 280 1342 tatus,
298 1302 455 1349 passus
471 1295 614 1350 atque
634 1296 851 1333 mortuus
868 1297 933 1332 est
950 1305 962 1342 ;
986 1286 1063 1333 sed
1081 1289 1388 1352 omnipotens
1407 1290 1552 1338 deitas

129 1366 286 1412 omnis
309 1365 561 1429 passionis,
592 1365 713 1410 sicut
745 1364 971 1428 splendor
993 1366 1104 1414 solis
1137 1385 1278 1430 super
1301 1368 1549 1427 arborem,

128 1440 244 1488 dum
269 1440 401 1489 ferro
418 1441 635 1499 caeditur,
660 1442 903 1488 incisionis
925 1460 1090 1507 expers
1114 1454 1199 1490 est.
1227 1445 1397 1493 Seleon
1417 1464 1554 1510 pres-

129 1517 303 1584 bytero
339 1522 526 1584 copiosa
570 1520 692 1567 ratio
733 1518 968 1583 publicata
1009 1511 1078 1567 est
1119 1521 1249 1586 quod
1284 1523 1431 1570 Filius
1466 1526 1551 1572 Dei

127 1615 275 1664 agnus
315 1598 642 1645 immaculatus
672 1599 782 1662 jure
821 1609 1012 1645 vocatus
1049 1610 1141 1657 est,
1179 1602 1289 1665 quia
1325 1602 1424 1666 ipse
1462 1621 1551 1667 pro

130 1676 275 1724 totius
310 1676 478 1740 populi
511 1676 686 1722 offensa
721 1676 794 1739 (1)
831 1676 1102 1723 immolatus
1139 1687 1224 1723 est.
1260 1680 1332 1725 Ex
1367 1680 1552 1745 virgine

128 1769 321 1816 quoque
354 1762 493 1798 natus
522 1762 617 1808 est,
648 1762 702 1797 ut
733 1769 819 1798 1105
847 1770 903 1798 ex
935 1753 1156 1799 Ecclesiae
1187 1756 1384 1818 virginis
1414 1767 1551 1806 utero

130 1847 447 1877 nasceremur.
479 1829 757 1893 Tripliciter
789 1839 997 1875 tentatus
1031 1840 1123 1887 est,
1151 1841 1204 1876 ut
1236 1849 1322 1879 nos
1353 1851 1375 1877 a
1407 1834 1547 1881 simili

132 1909 395 1957 tentatione
432 1906 690 1963 liberaret;
730 1917 916 1963 tenum,
956 1918 1010 1953 ut
1044 1925 1131 1954 nos
1162 1908 1543 1968 (limita-remum

131 1988 321 2052 ligatus,
360 1996 414 2032 ut
446 2002 533 2032 nos
565 2003 589 2030 a
625 1984 753 2032 nodo
787 1984 1130 2032 maledictionis
1166 1984 1545 2045 absolveremum

133 2065 294 2111 illusus
308 2099 321 2120 ‚
342 2075 394 2110 ut
415 2081 500 2110 nos
517 2062 575 2108 ab
595 2062 814 2110 illusione
837 2062 1112 2109 daemonum
1131 2075 1342 2119 erueret3
1366 2083 1548 2113 venun-

128 2140 290 2199 datus,
314 2151 370 2187 ut
391 2157 477 2187 nos
496 2139 771 2195 redimerem
797 2139 1095 2196 humiliatus,
1120 2150 1172 2185 ut
1188 2158 1275 2188 nos
1294 2141 1543 2199 exalta1·et;

130 2230 293 2284 captus
308 2257 319 2277 ,
342 2230 397 2266 ut
419 2237 504 2266 nos
527 2218 584 2265 dc
607 2219 876 2282 captivitate
895 2217 1171 2264 daemonum
1191 2218 1422 2276 auferret;
1443 2239 1547 2285 spo-

129 2299 297 2355 liatus,
325 2309 378 2344 ut
401 2296 586 2343 nuditas
612 2297 751 2361 primi
773 2295 1006 2353 hominis,
1034 2314 1118 2360 per
1143 2315 1287 2361 quam
1312 2316 1440 2344 mors
1467 2300 1545 2346 in—

129 2395 281 2443 gressa
316 2387 408 2433 est,
444 2385 703 2440 tegeretur5
732 2375 877 2439 spinis
909 2385 1191 2433 coronatus,
1226 2387 1279 2422 ut
1309 2378 1463 2441 spinas
1493 2396 1544 2423 ac

131 2455 333 2504 tribulos
366 2455 533 2520 primae
566 2452 909 2500 maledictionis
940 2471 963 2498 a
997 2452 1135 2500 nobis
1165 2454 1400 2509 auferret;
1436 2455 1545 2501 felle

133 2606 1364 2616 ———————-———————

177 2713 227 2754 (i)
254 2710 353 2746 Nous
372 2722 526 2758 pensons
547 2709 633 2758 qu⁷il
654 2699 816 2744 vaudrai't
836 2707 955 2743 inicus
975 2707 1040 2741 lire
1059 2708 1103 2742 ici
1128 2724 1131 2727 ·
1155 2707 1321 2756 qffenulv.

235 2789 264 2816 Ι.
739 2783 744 2787 ”
808 2788 819 2802 “-
1291 2768 1346 2811 ’,16
