1738 3043
197 240 272 278 20⁴
567 238 805 277 HISTORIA
837 239 1239 278 ECCLEslAsTlCA.

199 319 377 365 invicto
410 334 515 379 rege
541 334 626 363 suo
654 335 957 374 mansurunu
998 319 1081 382 ipsi
1107 335 1298 384 quoque
1319 320 1528 378 Neroni,
1554 324 1610 369 ad

196 392 601 458 comprobandam
637 411 833 442 suorum
872 394 1012 442 fidem
1050 394 1334 454 verborum,
1371 415 1419 445 se
1451 399 1613 446 vivum

195 483 301 536 post
353 471 718 520 decollationem
771 472 1013 521 evidenter
1058 484 1378 522 ostensurum.
1433 475 1614 524 Deinde

194 549 364 595 l'aulus
385 547 593 613 gaudens
614 549 670 596 ad
695 550 979 615 supplicium
1001 551 1169 598 ductus
1193 562 1286 608 est,
1311 553 1500 618 suisque
1517 570 1616 600 can-

195 626 416 674 nilicibus
430 663 444 684 ‚
472 627 668 692 aliisque
694 627 1034 675 comitantibus
1067 627 1208 676 verba
1233 629 1346 676 vitae
1370 629 1613 694 multipli-

194 706 312 752 citer
338 705 607 769 impertitus
628 715 713 751 est.
741 704 862 752 Nam
886 716 1174 770 cooperante
1197 707 1381 770 Spiritu
1405 706 1581 754 Sancto
1596 743 1613 767 ,

194 783 426 830 idolatriae
468 783 725 831 xanitatem
767 785 1080 842 monstravit,
1124 784 1456 833 ratiocinando
1491 784 1613 832 nihil

191 880 286 908 esse
307 859 556 924 probavit,
579 878 738 907 veram
762 861 930 918 fidem,
957 864 1154 928 verique
1176 863 1261 910 Dei
1287 864 1612 928 cognitionem

190 939 474 986 mirabiliter
515 938 760 1003 allegavit,
807 939 1165 988 damnationem
1201 940 1520 1004 reproborum
1566 951 1614 988 et

190 1018 587 1081 glorificationem
629 1022 874 1081 justorum
920 1017 1168 1081 magnifice
1213 1019 1470 1081 peroravit.
1513 1018 1613 1066 Nec

190 1099 383 1144 frustra.
426 1096 626 1141 Divinus
652 1095 781 1141 enim
815 1112 972 1141 sermo
1007 1096 1229 1159 protinus
1262 1095 1570 1143 fructificavit
1599 1117 1609 1143 :

190 1174 486 1221 audientium
506 1172 726 1219 videlicet
748 1170 890 1219 corda
917 1171 1170 1218 turbarum
1197 1183 1393 1238 tangens
1419 1172 1612 1220 inflam-

190 1253 363 1308 mavit,
387 1262 434 1298 ct
458 1267 572 1296 com
585 1267 802 1296 ersorum
827 1266 988 1297 vocem
1015 1266 1105 1313 pro
1132 1250 1378 1297 transactis
1404 1249 1614 1297 reatibus

193 1334 240 1378 in
267 1331 512 1395 planctum
538 1328 844 1393 permutavit.

257 1412 439 1456 Interea
458 1444 470 1464 ,
493 1408 608 1453 dum
636 1423 727 1471 pro
753 1417 848 1452 tam
870 1406 1041 1452 sanctis
1062 1404 1456 1470 occupationibus
1479 1423 1612 1454 mora

192 1489 350 1541 ficret,
383 1496 430 1532 et
463 1484 667 1549 populus
701 1484 881 1530 multus
913 1502 1050 1532 voces
1081 1485 1129 1530 in
1167 1484 1317 1531 altum
1344 1485 1612 1545 emitteret,

193 1564 321 1611 Nero
344 1561 655 1609 Parthenium
674 1571 722 1607 et
746 1561 953 1606 Feritam
975 1561 1079 1624 (1),
1102 1560 1261 1607 videre
1286 1561 1321 1607 si
1343 1562 1492 1624 jussio
1516 1563 1614 1625 ejus

194 1640 427 1704 completa
456 1648 573 1685 esset
588 1673 602 1696 ,
628 1637 786 1695 misit,
810 1648 856 1684 et
879 1655 965 1701 per
988 1655 1067 1684 eos
1094 1638 1359 1702 passionem
1382 1639 1609 1703 apostoli,

193 1722 228 1768 si
256 1719 407 1766 adhuc
436 1718 642 1773 rivel-et,
670 1716 962 1763 acceleravit.
990 1717 1104 1781 lpsis
1127 1733 1321 1782 quoque
1344 1717 1516 1763 Paulus
1538 1734 1614 1764 se-

194 1816 304 1845 mcn
338 1795 499 1842 salutis
533 1793 740 1850 obtulit,
766 1793 846 1841 sed
877 1793 1166 1858 praevalente
1189 1795 1428 1860 nequitia,
1457 1793 1615 1842 obdu—

192 1877 304 1923 ratis
328 1872 553 1922 cordibus
578 1871 776 1918 minime
798 1870 999 1934 profuit.

259 1952 475 2014 Cumque
510 1947 567 1994 ad
600 1948 759 1995 locum
792 1948 1009 2013 martyrii
1037 1965 1145 1994 cum
1173 1949 1435 1995 innumeris
1458 1949 1613 1996 comi-

195 2030 322 2076 tibus
342 2025 606 2082 incederet,
629 2035 676 2072 et
696 2024 964 2071 Plautillam
984 2024 1329 2072 nobilissimam
1344 2035 1613 2072 matronam

191 2107 247 2154 ad
274 2116 462 2171 portam
485 2101 617 2149 urbis
642 2103 809 2149 Romae
833 2101 1023 2150 obviam
1052 2101 1287 2150 habuisset
1311 2124 1320 2149 :
1348 2102 1499 2161 Vale,
1533 2103 1613 2149 in—

192 2186 325 2251 quit,
347 2182 588 2230 Plautz'lla
603 2217 614 2237 ,
637 2192 830 2228 oelernoe
846 2181 1163 2245 salutisfllc'a.
1190 2179 1369 2227 Deinde
1391 2181 1530 2244 petiit
1553 2179 1612 2226 ab

195 2263 295 2318 illa,
325 2272 378 2306 ut
400 2277 643 2324 pannum,
670 2277 768 2322 quo
790 2270 931 2321 caput
960 2261 1058 2322 ejus
1085 2258 1350 2323 tegebatur,
1378 2258 1436 2305 ad
1458 2258 1612 2323 ligan-

193 2342 306 2386 ‹lum
327 2339 490 2386 oculos
510 2337 624 2383 hora
645 2336 872 2400 passionis
891 2354 986 2382 suae
1005 2336 1090 2382 sibi
1112 2335 1509 2384 accommodaret.
1529 2335 1610 2382 Illa

194 2436 307 2465 xero
327 2417 445 2462 llens
458 2451 470 2471 ,
493 2417 589 2477 ejus
605 2413 904 2460 orationibus
922 2433 968 2461 se
988 2414 1361 2471 commendavit,
1381 2429 1614 2477 pannum-

193 2514 285 2560 que
303 2493 525 2540 festinato
545 2491 784 2555 porrexit,
811 2503 858 2538 et
876 2492 1122 2556 paululum
1144 2493 1191 2538 in
1212 2501 1395 2555 partem
1413 2501 1612 2555 propter

196 2571 345 2636 plebis
368 2568 762 2633 impedimentum
781 2605 792 2625 ‚
821 2580 873 2615 ut
893 2570 1132 2633 apostolus
1157 2571 1197 2616 ei
1217 2572 1440 2633 jusserat,
1468 2585 1612 2616 seces-

241 2782 244 2791 2
262 2771 289 2801 ιιἸ
317 2757 412 2789 Dans
428 2755 458 2788 la
480 2754 631 2799 lega-nde
651 2756 775 2800 cupiet:
797 2768 858 2800 pai·
881 2762 983 2789 noti-e
1007 2761 1148 2798 auteur,
1172 2768 1210 2789 ci·
1232 2764 1455 2802 pei-sonnage
1472 2759 1524 2788 est
1544 2763 1607 2802 ap—

200 2818 273 2870 inh'·
291 2815 461 2850 l'hercm.
