1738 3043
649 180 802 219 {ABER
830 181 1109 223 SECUNDUS.
1520 187 1595 226 43¹.)

173 257 444 322 apostolum
465 267 514 304 x⁰
530 258 621 304 kal.
649 258 861 307 octobris
880 261 1089 325 sepultus
1108 272 1195 319 cst,
1215 274 1263 310 et
1282 265 1473 311 cessavit
1490 267 1594 330 epi-

173 345 389 399 scopatus
413 334 654 382 mensibus
681 353 712 382 ιι
738 335 904 383 diebus
930 354 1049 384 xxiii
1074 338 1168 402 (ι).

236 413 425 477 Sergius
452 412 627 478 Syrus,
658 432 713 461 ex
741 412 1023 473 Antiochia,
1052 415 1109 463 de
1134 428 1266 482 patre
1292 417 1516 477 Tiberio,
1545 421 1592 467 in

172 491 411 538 Panormo
442 490 642 547 Siciliae,
675 489 795 537 sedit
822 493 958 539 annis
987 510 1075 540 xm
1107 494 1346 542 mensibus
1375 513 1462 544 vni
1493 497 1594 545 die-

171 566 259 614 bus
283 585 431 625 xxm,
457 578 671 632 tempore
696 569 951 616 Justiniani
980 570 1209 636 Augusti,
1239 573 1323 620 filii
1353 574 1594 621 Constan-

169 646 277 693 tini.
339 646 581 694 Defuncto
629 646 829 694 Conone
879 666 995 712 papa
1016 685 1028 705 ‚
1083 667 1188 714 pars
1237 653 1402 716 populi
1453 653 1593 726 elegit

166 723 478 773 Theodorum
502 723 970 791 archipresbyterum
988 763 1000 783 ‚
1027 745 1134 793 pars
1156 729 1301 776 altera
1324 731 1594 778 Paschalem

166 802 564 851 archidiaconem.
594 803 683 850 Sed
710 803 825 849 dum
860 805 1003 851 nimia
1028 805 1258 854 dissentio
1291 808 1449 866 fieret,
1480 810 1593 855 Ser-

165 882 268 947 gius
287 900 310 928 a
331 881 459 929 clero
480 881 654 929 electus
677 892 762 928 est.
790 880 1021 929 Paschalis
1045 900 1158 931 vero
1173 885 1346 948 Joanni
1368 885 1593 933 Plautino

165 959 368 1008 exarcho
393 960 514 1006 clam
533 960 744 1024 pretium
769 959 924 1018 dedit,
955 979 1041 1025 per
1060 979 1169 1008 eum
1194 963 1430 1011 violenter
1450 983 1593 1029 papa-

166 1049 268 1085 tum
298 1038 518 1086 invadere
551 1039 743 1095 volens,
783 1039 863 1086 sed
892 1039 1084 1086 frustra.
1120 1039 1229 1088 Non
1264 1042 1420 1089 multo
1452 1054 1588 1107 post,

161 1135 253 1184 pro
275 1116 557 1183 quibusdam
586 1117 994 1164 incantationibus
1018 1118 1193 1184 quibus
1217 1119 1503 1178 inhaerebat,
1532 1121 1590 1168 ab

162 1194 548 1241 archidiaconatu
566 1197 739 1259 ejectus
760 1205 855 1252 est,
884 1205 932 1242 et
949 1206 1057 1260 post
1080 1196 1467 1262 quinquennium
1495 1199 1589 1244 im-

162 1272 406 1337 poenitens
418 1282 636 1318 mortuus
649 1282 729 1319 est.
746 1273 771 1318 J
778 1273 865 1318 usti
875 1272 1040 1318 nianus
1056 1273 1317 1337 imperator
1330 1274 1590 1321 concilium

164 1351 209 1396 in
231 1349 350 1397 urbe
371 1350 496 1415 regia
521 1349 622 1397 fieri
641 1351 807 1415 jussit,
832 1350 988 1415 quod,
1011 1352 1241 1415 imperiali
1263 1370 1410 1399 mauu
1428 1354 1590 1401 firma-

161 1439 262 1475 tum
279 1464 292 1486 ,
316 1428 517 1476 Romam
538 1429 703 1494 Sergio
727 1445 860 1492 papae
880 1447 966 1493 per
986 1429 1203 1494 Sergium
1227 1431 1588 1495 magistrianum

159 1507 306 1553 misit.
337 1505 429 1554 Sed
461 1507 565 1563 ille,
606 1507 714 1572 quia
749 1507 967 1572 quaedam
1000 1509 1237 1554 contraria
1272 1509 1587 1558 ecclesiastico

157 1583 368 1649 dogmati
388 1583 565 1631 ibidem
585 1585 759 1633 inserta
779 1594 939 1642 erant,
961 1584 1259 1633 subscribere
1278 1586 1449 1633 noluit.
1473 1585 1590 1634 Inde

160 1661 373 1709 turbatio
393 1679 562 1727 magna
588 1672 694 1709 orta
720 1672 805 1710 est.
834 1661 1081 1708 Zacharias
1103 1663 1232 1709 enim
1251 1663 1589 1728 protospatha-

158 1740 256 1787 rius
289 1739 348 1786 ab
387 1742 608 1805 Augusto
644 1741 845 1786 Romam
881 1740 1048 1785 missus
1084 1750 1178 1797 est,
1221 1752 1273 1786 ut
1306 1741 1586 1805 pontificem

157 1815 584 1880 comprehenderet
604 1826 651 1863 et
674 1816 1147 1880 Constantinopolim
1173 1817 1463 1881 deportaret.
1488 1820 1585 1866 Ve-

157 1912 290 1951 rum,
319 1895 420 1940 Deo
453 1894 717 1950 excitante,
746 1894 991 1940 Ravennas
1026 1893 1194 1940 militia
1233 1905 1280 1941 et
1312 1895 1585 1960 Pentapoli-

159 1973 254 2019 tani
291 1973 492 2019 Romam
518 1981 876 2028 convenerunt,
905 1982 952 2018 et
983 1984 1142 2036 portas
1173 1973 1376 2020 civitatis
1409 1985 1462 2020 ut
1494 1975 1583 2021 Za-

156 2049 366 2096 chariam
387 2048 659 2096 occiderent
676 2048 964 2095 clauserunt.
994 2051 1094 2114 lpse
1113 2068 1224 2097 vero
1242 2051 1582 2099 tremebundus

156 2130 205 2175 in
226 2126 502 2199 cubiculum
528 2127 769 2192 pontificis
789 2127 938 2193 fugit,
969 2138 1015 2175 et
1041 2127 1128 2174 sul)
1150 2129 1273 2176 lecto
1297 2147 1385 2194 pro
1408 2131 1581 2178 timore

154 2202 331 2255 mortis*
347 2206 653 2255 meticulosus
670 2206 877 2254 delituit.
904 2211 1120 2272 Cumque
1137 2209 1372 2256 Ravennae
1397 2210 1582 2257 exerci-

156 2297 230 2333 tus
249 2303 334 2351 per
352 2294 541 2350 portam
559 2283 683 2332 beati
704 2286 830 2332 Petri
849 2285 1050 2350 apostoli
1075 2304 1184 2332 cum
1201 2288 1344 2334 armis
1364 2287 1411 2334 in
1440 2287 1580 2335 Late—

156 2381 354 2411 ranense
372 2362 666 2428 episcopium
685 2363 888 2430 *genisset
901 2399 913 2420 ,
938 2373 983 2409 et
1002 2363 1128 2411 fores
1147 2363 1448 2429 patriarchii,
1469 2382 1579 2430 quae

155 2442 325 2489 clausae
350 2451 510 2498 erant,
535 2441 623 2487 nisi
653 2441 972 2505 aperirentur,
998 2442 1044 2488 in
1075 2453 1249 2490 terram
1275 2444 1467 2491 mittere
1491 2445 1580 2490 mi-

200 2635 250 2678 (ι)
273 2636 326 2678 (21
353 2634 503 2671 octobre
516 2633 645 2669 686-'11
676 2633 880 2680 septembre
897 2632 995 2680 687.)
1013 2634 1063 2667 Cu
1082 2647 1170 2681 pape
1191 2637 1277 2669 &tait
1300 2636 1442 2669 'sin-21«-
1462 2635 1573 2671 ‹sori--

156 2694 238 2739 gine
251 2721 259 2733 ,
279 2700 315 2728 et
333 2705 404 2728 non
424 2707 486 2741 pas
506 2693 558 2728 fils
577 2693 663 2728 d'nn
683 2704 906 2739 personnage
930 2695 1074 2727 nomme
1098 2693 1184 2727 Tra«
1198 2708 1311 2727 mem.
