1738 3043
181 236 259 269 :too
546 233 789 272 HISTORIA
822 234 1227 276 ECCLESIAS'I'ICA.

180 313 439 359 Jerusalem
466 311 747 375 praedicaret
766 312 1010 363 Christum
1032 316 1114 362 Dei
1143 315 1323 373 lilium,
1351 316 1407 364 de
1429 319 1605 383 templo

182 409 206 435 a
239 389 415 434 Judaeis
451 389 774 452 praecipitatus
806 400 876 437 est
907 402 953 438 et
989 391 1245 455 lapidatus,
1288 391 1449 458 ibique
1474 395 1607 458 juxta

184 467 417 530 templum
441 467 535 513 kal.
563 468 674 514 maii
700 468 910 533 sepultus
931 469 1024 533 (ι).

247 544 537 609 Hegesippus
558 546 656 609 (2),
677 546 748 592 vir
761 557 949 593 sanctus
966 557 1013 595 et
1030 547 1262 605 eruditus,
1281 548 1608 613 apostolorum

183 622 482 686 temporibus
511 623 721 681 vicinus,
751 625 799 671 in
823 626 996 690 quinto
1020 628 1476 674 commentariorum
1502 645 1610 676 suo-

183 720 291 748 rum
326 700 452 749 libro
473 701 637 750 Jacobi
661 704 781 749 Justi
818 705 1068 762 meminit,
1099 723 1298 751 narrans
1327 705 1458 772 quod
1483 717 1612 770 post-

184 796 329 844 quam
365 781 527 828 Festus
561 799 731 845 praeses
759 781 926 829 Felicis
965 801 1204 831 successor
1242 785 1367 848 apud
1399 783 1612 832 Judaeam

183 857 337 916 obiit,
379 870 427 906 et
464 861 711 924 provincia
750 871 937 908 rectore
975 880 1027 909 ac
1067 864 1314 928 principe,
1355 876 1613 929 antequam

183 936 386 983 Albinus
425 937 722 994 succederet,
765 939 946 996 caruit,
987 939 1192 986 Jacobus
1233 941 1381 988 frater
1416 941 1612 989 Domini

184 1016 412 1063 saevitiam
450 1015 730 1062 Judaeorum
767 1033 926 1079 passus
957 1016 1015 1063 ad
1049 1018 1314 1064 Dominum
1350 1018 1610 1067 transierit.

185 1095 273 1139 llic
306 1112 362 1140 ex
395 1104 533 1141 utero
565 1094 731 1140 matris
763 1104 950 1141 sanctus
982 1094 1101 1153 suit,
1138 1097 1305 1143 vinum
1338 1107 1386 1144 et
1418 1097 1615 1144 siceram

186 1189 285 1218 non
305 1169 455 1228 bibit,
475 1188 632 1237 neque
648 1172 822 1218 animal
840 1172 1163 1220 manducavit.
1185 1174 1388 1222 Ferrum
1407 1175 1454 1222 in
1475 1185 1617 1240 caput

186 1251 284 1309 ejus
315 1267 416 1297 non
446 1250 684 1307 ascendit,
722 1250 829 1298 oleo
865 1269 964 1298 non
1002 1262 1072 1299 est
1106 1263 1394 1317 perunctus,
1436 1252 1616 1302 balneis

187 1343 286 1373 non
325 1337 394 1374 est
427 1345 553 1373 usus.
593 1331 753 1375 Laneo
789 1345 890 1375 non
927 1327 1152 1376 utebatur
1189 1329 1500 1389 indumento,
1539 1330 1618 1378 s‘ed

188 1415 375 1451 tantum
400 1405 615 1453 sindone.
647 1405 784 1453 Solus
813 1405 1169 1472 ingrediebatur
1193 1408 1453 1473 templum,
1477 1418 1524 1456 et
1539 1410 1616 1473 ja-

189 1483 325 1530 cebat
350 1501 492 1548 super
515 1502 666 1548 genua
692 1502 771 1530 sua
784 1521 797 1541 ,
825 1502 967 1532 orans
991 1503 1082 1549 pro
1104 1486 1271 1551 populi
1296 1487 1614 1552 indulgentia3

192 1563 252 1608 ita
294 1573 348 1608 ut
392 1562 534 1610 callos
575 1564 622 1609 in
662 1562 863 1628 genibus
905 1564 954 1609 in
997 1565 1196 1611 modum
1239 1565 1403 1612 cameli
1443 1564 1622 1613 faceret

191 1640 393 1696 orando,
419 1658 570 1705 genua
597 1658 783 1704 semper
808 1640 1063 1699 flectendo,
1085 1660 1172 1689 nec
1196 1660 1410 1708 unquam
1433 1642 1492 1690 ab
1510 1661 1620 1691 ora-

194 1718 324 1765 tione
356 1717 595 1766 cessando.
623 1719 787 1783 Itaque
819 1737 910 1784 pro
944 1719 1210 1767 incredibili
1246 1721 1544 1769 continentia
1573 1732 1621 1769 et

192 1814 374 1843 summa
393 1797 574 1860 justitia
593 1833 604 1853 ‚
631 1797 891 1862 appellatus
915 1808 985 1845 est
1006 1799 1166 1846 Justus
1193 1810 1241 1846 et
1272 1798 1429 1847 Oblias
1461 1799 1620 1865 (quod

191 1875 534 1920 munimentum
552 1875 738 1941 populi
764 1875 1146 1940 interpretatur).

259 1950 463 2012 Quidam
487 1950 543 1998 de
566 1961 748 2016 septem
767 1951 1025 2001 haeresibus
1043 1954 1069 2000 J
1075 1954 1321 2002 udaeorum
1347 1954 1621 2019 interroga-

191 2029 309 2076 bant
333 2048 443 2078 eum
470 2029 601 2095 quod
629 2041 747 2078 esset
772 2032 948 2079 ostium
975 2034 1083 2080 Jesu
1113 2033 1207 2097 (3).
1234 2033 1304 2080 At
1333 2033 1412 2081 ille
1435 2031 1621 2081 dicebat

240 2217 289 2259 (ι)
316 2215 419 2250 Saint
441 2215 596 2262 Jacques
622 2215 655 2249 le
680 2216 828 2250 Mineur
852 2215 909 2250 sut
932 2216 1068 2262 charge
1094 2229 1160 2263 par
1182 2215 1234 2251 les
1257 2223 1380 2252 autres
1403 2216 1547 2264 apotres
1570 2216 1621 2252 du

196 2281 482 2318 gouvernement
501 2274 546 2309 de
565 2274 702 2321 l'eglise
720 2275 766 2310 de
783 2274 1004 2318 Jerusalem,
1027 2275 1203 2323 quelques
1222 2277 1315 2311 mois
1332 2277 1437 2324 apres
1459 2275 1620 2312 l'Ascen-

194 2335 284 2369 sion.
308 2335 336 2369 ll
351 2335 494 2370 souss‘rit
509 2335 543 2370 lc
558 2342 718 2380 mart-xre
733 2348 799 2382 par
813 2335 946 2371 l’ordre
959 2335 1010 2370 du
1026 2336 1288 2384 grand-pretre
1302 2337 1482 2381 Ananias,
1499 2349 1544 2372 en
1557 2337 1601 2372 62
1613 2366 1621 2380 ‚

196 2405 274 2427 xcrs
293 2393 452 2440 Paulum,
476 2400 511 2428 ct
531 2406 596 2440 par
611 2395 836 2441 consequent
852 2393 941 2429 dans
960 2394 993 2428 la
1011 2394 1192 2430 huitiieme
1205 2397 1321 2431 annee
1338 2395 1384 2430 de
1402 2395 1542 2434 Neron.

243 2454 292 2498 (2)
319 2453 545 2499 llegesippe,
568 2452 601 2487 le
620 2452 700 2499 plus
717 2454 846 2489 ancien
860 2453 924 2488 des
940 2454 1140 2489 historiens
1159 2454 1204 2490 de
1221 2449 1386 2502 l’EgHse,
1408 2454 1497 2489 etait
1515 2455 1560 2488 ne
1578 2466 1621 2488 an

197 2520 511 2547 ‹commenccment
528 2512 577 2547 du
601 2520 639 2546 ιιρ
660 2513 784 2556 siecle,
805 2521 841 2549 et
858 2521 1009 2549 mourut
1029 2527 1108 2549 vers
1133 2514 1208 2550 180.
1237 2514 1267 2549 ll
1289 2527 1333 2549 ne
1353 2519 1448 2548 reste
1471 2525 1543 2560 quc
1560 2512 1623 2549 des

195 2576 399 2619 fragments
431 2571 476 2606 de
511 2584 575 2607 son
609 2572 770 2608 Histoire
803 2575 1088 2621 ecclcTs-iasliqite.
1126 2575 1231 2610 Certe
1267 2573 1419 2620 legende
1449 2572 1495 2608 de
1531 2573 1625 2607 saint

195 2637 352 2680 jac-ques
371 2633 404 2667 le
430 2634 575 2667 Mun—ur
595 2646 638 2667 cn
663 2641 715 2668 est
741 2647 785 2668 en
812 2634 894 2669 ent—i
918 2635 1082 2670 oxu-dite.
1111 2635 1254 2678 (VO-tet
1282 2632 1440 2675 Eus'obe,
1464 2632 1624 2668 Histoire

193 2694 487 2739 «alc'siastiqiw,
513 2704 552 2733 ιι,
577 2691 638 2726 tuf».
662 2699 696 2726 υἱ
720 2705 765 2730 n,
786 2697 859 2739 22.)

236 2752 281 2783 (Ὗ
313 2753 381 2788 Par
403 2765 459 2787 ces
487 2752 626 2798 parc-les
656 2765 748 2788 assez
771 2753 959 2798 obscures,
984 2765 1031 2788 on
1055 2752 1131 2788 ‹10st
1156 2751 1332 2787 mundio
1359 2764 1428 2799 quc
1453 2751 1501 2787 les
1526 2750 1621 2786 Juiss
