1738 3043
583 213 736 252 LIBER
768 213 1049 254 SECUNDUS.
1456 217 1534 255 309

102 313 196 360 que
218 293 361 342 ambo
384 295 441 341 de
469 293 630 341 fructu
656 306 924 342 memorato
951 305 1242 360 gustassent,
1272 296 1432 345 subito
1454 316 1535 345 so-

102 374 257 438 porati
281 390 433 420 unum
449 374 692 421 somnium
708 372 950 421 viderunt.
974 374 1095 421 Nam
1114 375 1245 439 quasi
1264 392 1346 422 rex
1365 386 1537 440 potens

100 461 367 516 gemmatus
399 452 476 516 (1)
515 450 795 508 videbatur,
836 462 883 498 et
918 453 967 498 in
1008 452 1167 500 medio
1202 470 1371 501 eorum
1411 464 1539 502 stans

102 540 335 596 utrosque
361 528 755 596 amplectebatur,
782 530 946 578 dicens
971 551 980 577 :
1008 532 1278 597 Apostolus
1303 551 1436 581 meus
1460 534 1540 581 be—

102 609 296 656 nedixit
311 627 400 657 vos
417 609 518 673 (2),
542 619 592 655 ut
609 619 803 655 oeterncc
825 610 942 656 vitce
951 611 1220 676 participes
1238 611 1536 674 efficiamini.

102 687 396 752 Evigilantes
437 696 624 744 autem,
663 704 775 734 cum
807 696 982 734 mutuo
1015 686 1105 734 sibi
1142 699 1397 736 narrarent
1432 708 1541 756 quae

102 765 354 823 vidissent,
396 783 503 813 ecce
540 764 750 814 Thomas
787 765 1009 830 apparuit
1041 765 1137 823 eis,
1179 764 1342 813 dicens
1381 788 1391 813 :
1430 770 1542 815 Rea·

104 862 262 901 meus,
290 846 376 910 qui
395 845 542 892 modo
564 844 706 892 vobis
733 844 918 892 locutus
943 854 1012 892 est
1035 844 1086 890 in
1102 845 1319 902 visione,
1343 846 1447 911 ipse
1469 864 1544 893 me

95 924 266 989 januis
299 923 484 971 clausis
521 922 820 982 introduxit,
864 933 914 969 ut
950 922 1221 971 benedictio
1258 941 1367 971 mea
1402 943 1548 991 super

102 1018 191 1049 vos
212 998 501 1066 fructificet.
537 1000 746 1048 Habetis
777 1001 903 1046 enim
937 1002 1288 1065 integritatem,
1326 1019 1439 1066 quoe
1477 1014 1545 1049 est

104 1079 320 1124 omnium
341 1079 513 1143 regina
536 1079 771 1125 virtutum
797 1088 841 1123 et
845 1075 1050 1140 fructus
1080 1077 1256 1124 salutis
1266 1090 1540 1145 perpetuce.

107 1157 385 1222 l''irginitas
408 1175 548 1204 soror
568 1168 637 1204 est
669 1156 957 1221 angelorum
987 1168 1032 1203 et
1062 1157 1279 1203 omnium
1296 1159 1544 1222 possessio

104 1236 352 1282 bonorum.
400 1236 678 1300 Virginitas
713 1236 922 1282 victoria
964 1235 1249 1293 libidinum„
1279 1235 1412 1300 fidei
1450 1248 1542 1284 tro-

96 1313 325 1380 plzoeum,
361 1313 633 1379 triumphus
672 1312 733 1359 cle
763 1314 976 1360 inimicis
1011 1323 1056 1359 et
1083 1322 1279 1359 aeternae
1310 1317 1543 1361 securitas

104 1393 295 1457 quietis.
336 1391 469 1439 Nam
508 1391 570 1438 cle
608 1393 914 1457 corruptione
954 1392 1179 1438 nascitur
1208 1390 1438 1456 pollutio,
1485 1392 1545 1439 de

98 1470 366 1536 pollutione
390 1481 579 1527 reatus,
607 1469 668 1516 de
692 1480 829 1516 reatu
855 1470 1098 1532 confusio.

169 1549 385 1614 Cumque
412 1548 621 1596 Thomas
655 1547 759 1596 haec
786 1557 834 1596 et
868 1547 1019 1595 multa
1049 1548 1137 1595 alia
1166 1548 1224 1597 de
1254 1549 1544 1614 virginitatis

104 1627 243 1675 laude
269 1636 317 1676 et
340 1624 555 1673 libidinis
585 1624 808 1673 foeditate
832 1625 1154 1684 disseruisset,
1189 1626 1438 1692 multaque
1465 1627 1543 1673 in-

104 1724 334 1773 congrua,
352 1724 462 1772 quae
481 1705 539 1753 de
553 1705 730 1752 carnali
751 1705 1099 1753 commixtione
1115 1705 1358 1771 plerisque
1373 1707 1541 1754 oriun-

105 1797 204 1843 tur,
234 1785 501 1841 retulissem
529 1784 786 1849 Dionysius
819 1794 868 1832 et
896 1784 1080 1849 Pelagia
1105 1794 1351 1849 gratanter
1378 1786 1540 1831 omnia

105 1881 214 1928 quae
238 1860 538 1910 docebantur
555 1860 613 1907 ab
635 1861 854 1925 apostolo
872 1861 1155 1919 audierunt,
1177 1863 1338 1927 eisque
1362 1861 1539 1910 ibidem

106 1941 204 1988 duo
233 1939 386 2006 angeli
421 1951 746 2004 apparuerunt
781 1960 790 1986 :
823 1940 934 1987 Nos
949 1977 964 1997 ,
993 1940 1247 2005 inquiunt,
1275 1942 1445 2006 angeli
1464 1961 1541 1989 su-

107 2038 240 2077 mus,
278 2021 364 2083 qui
389 2018 528 2065 vobis
561 2036 593 2064 a
622 2018 726 2064 Deo
751 2018 860 2064 clati
891 2036 1056 2064 sumus
1085 2036 1178 2084 pro
1211 2019 1541 2067 benedictione

107 2096 320 2162 apostoli
333 2096 462 2161 ejus,·
481 2105 531 2141 ut
545 2094 660 2141 dum
680 2094 1007 2142 custodieritis
1024 2096 1207 2142 monita
1231 2097 1355 2161 ejus,
1377 2114 1539 2143 omnes

107 2176 322 2223 Domino
339 2176 599 2241 petitiones
626 2185 807 2221 vestras
833 2174 1112 2238 offeramus.

174 2255 256 2300 His
281 2254 478 2318 aliisque
503 2253 593 2317 piis
613 2253 812 2300 monitis
833 2270 1034 2318 sponsus
1053 2263 1100 2300 et
1118 2271 1288 2318 sponsa
1316 2255 1533 2301 instructi

108 2343 246 2390 sunt,
278 2343 325 2379 et
348 2331 575 2396 prostrati
601 2330 659 2377 ad
682 2330 821 2396 pedes
845 2331 1075 2395 apostoli,
1108 2331 1335 2379 dixerunt
1368 2353 1377 2377 ε
1411 2333 1536 2378 Con-

92 2407 249 2469 firma
271 2424 358 2453 nos
384 2407 434 2452 in
458 2408 591 2452 omni
613 2408 842 2462 veritate,
877 2416 926 2451 ut
949 2405 1075 2451 nillil
1097 2404 1231 2453 nobis
1255 2406 1317 2452 cle
1335 2409 1537 2453 scientia

156 2599 206 2640 (ι)
233 2597 528 2644 Rcsplcndissant
542 2626 549 2638 ,
571 2604 716 2633 couvcrt
738 2597 783 2631 dv
805 2598 941 2642 pierres
961 2599 1175 2642 prs-cieuses.

157 2659 206 2701 ξπ)
232 2659 329 2695 Liscz
352 2675 356 2678 ⁴
385 2659 497 2694 robes.
