1738 3043
195 255 246 291 90
559 247 800 287 HISTORIA
830 246 1236 286 ECCLESIASTICA.

198 348 306 377 rum
337 328 602 393 redarguit,
625 338 672 374 et
693 326 985 375 confirmatis
1024 328 1069 374 in
1108 328 1198 375 fide
1220 327 1285 375 ait
1306 345 1316 371 ε
1345 328 1532 375 Euntes
1556 329 1606 374 in

197 408 423 454 mundum
437 408 703 453 universum
712 443 722 457 ,
729 404 1000 471 praedicate
1008 405 1332 469 Evangelium
1339 405 1472 451 omni
1481 421 1607 452 crea-

200 497 333 532 turoe.
366 486 468 549 Qui
488 482 744 530 crediderit
765 495 807 529 et
827 483 1265 549 bapti.:.atusfi1erit
1276 521 1291 540 b,
1320 482 1480 530 salvus
1500 483 1603 529 erit.

204 562 305 625 Qui
319 579 431 608 vero
449 578 540 607 non
561 560 832 617 crediderit,
851 558 1263 606 condemnabitur.
1279 559 1435 623 Signa
1449 569 1610 605 autem

197 655 275 684 eos
313 638 399 703 qui
431 636 720 684 crediderint
757 637 860 684 lioec
889 647 1157 700 sequentur.
1194 637 1255 682 In
1287 637 1475 682 nomine
1505 653 1610 682 meo

197 716 445 762 ‹lccmonia
464 716 657 780 ejicient
672 753 686 773 ,
716 715 895 778 linguis
921 714 1173 778 loquentur
1188 715 1320 762 novis·
1330 751 1346 771 ,
1373 724 1610 779 serpentes

197 792 363 839 tollent
372 814 393 848 ,·
415 803 459 838 et
482 794 526 839 si
549 792 846 856 mortiferum
870 792 990 855 quid
1013 791 1230 849 biberint,
1259 809 1356 838 non
1377 792 1445 837 eis
1467 807 1612 836 noce-

197 870 279 915 bit.
305 870 464 935 Super
482 887 640 934 a’gros
661 888 833 916 manus
855 871 1125 934 imponent,
1151 880 1194 915 et
1214 869 1329 915 bene
1352 867 1608 914 habebunt.

196 949 437 997 Dominus
478 949 671 1014 quidem
707 949 835 995 Jesus
857 986 868 1008 ,
904 958 1155 1012 postquam
1196 946 1381 994 locutus
1413 957 1483 993 est
1519 946 1609 1007 eis,

196 1037 458 1091 assumptus
502 1037 571 1073 est
617 1028 664 1073 in
711 1027 918 1083 coelum,
963 1037 1010 1072 et
1049 1025 1178 1073 sedet
1217 1043 1241 1071 a
1281 1025 1459 1072 dextris
1502 1024 1609 1070 Dei.

198 1105 349 1152 Porro
374 1107 522 1152 Lucas
550 1106 598 1151 in
620 1105 864 1169 Evangelii
887 1105 956 1150 sui
984 1104 1078 1150 fine
1097 1104 1161 1149 sic
1181 1103 1246 1149 ait
1277 1123 1287 1148 ε
1318 1102 1514 1149 Eduxit
1533 1118 1614 1148 eos

181 1178 330 1244 foras
365 1184 414 1228 in
446 1181 737 1228 Betlzaniam
750 1219 766 1240 ,
795 1191 838 1228 et
862 1181 1051 1228 elevatis
1077 1179 1299 1226 manibus
1319 1182 1442 1237 suis,
1471 1178 1616 1225 bene-

197 1260 325 1305 dixit
353 1261 438 1306 eis.
477 1260 548 1306 Et
555 1260 759 1321 sactum
787 1271 880 1316 est,
910 1276 1017 1306 czcnz
1048 1258 1345 1305 benediceret
1374 1257 1501 1315 illis,
1538 1274 1616 1303 re-

199 1338 338 1384 cessit
356 1337 418 1384 ab
443 1339 533 1393 eis;
555 1337 860 1400 etserebatur
881 1338 931 1382 in
954 1336 1126 1383 coelum
1147 1337 1237 1399 (1).
1264 1336 1383 1382 Item
1403 1334 1545 1381 etiam
1565 1334 1615 1380 in

202 1415 340 1461 initio
359 1415 567 1462 Actuum
590 1415 934 1479 Apostolorum
960 1414 1017 1461 de
1042 1414 1313 1461 ascensione
1332 1412 1526 1459 Domini
1551 1411 1616 1458 sic

198 1491 263 1535 ait
286 1511 296 1536 ε
327 1491 621 1538 Conoescens
635 1492 873 1557 prcecepit
898 1492 965 1538 eis
984 1490 1045 1537 ab
1060 1490 1372 1553 Jerosolymis
1389 1506 1448 1535 ne
1463 1488 1618 1535 disce-

200 1568 364 1615 derent
379 1604 391 1624 ,
418 1569 506 1615 secl
532 1580 841 1635 expectarent
856 1570 1228 1635 promissionem
1254 1569 1444 1626 Patris,
1472 1584 1618 1632 quam

200 1647 426 1704 audistis,
455 1649 624 1711 inquit,
643 1666 734 1713 per
755 1666 807 1694 os
833 1665 1004 1694 meum.
1034 1648 1167 1711 Quia
1182 1646 1396 1693 Joannes
1425 1644 1619 1710 quidem

201 1725 461 1791 baptizavit
496 1744 659 1790 aqua,
701 1744 788 1772 vos
827 1738 988 1773 autem
1028 1725 1396 1791 baptizabimini
1430 1723 1618 1790 Spiritu

202 1804 385 1851 Sancto
410 1822 504 1850 non
522 1815 639 1870 post
656 1804 830 1851 multos
850 1805 936 1851 lios
961 1804 1077 1850 dies.
1101 1805 1261 1868 Igitur
1281 1804 1367 1868 qui
1386 1819 1618 1849 convene-

202 1894 332 1940 rant,
369 1883 731 1947 interrogabant
759 1901 865 1930 eum
880 1921 895 1941 ‚
932 1883 1142 1929 dicentes
1180 1901 1191 1927 .·
1230 1882 1470 1938 Domine,
1496 1881 1541 1926 si
1568 1881 1618 1926 in

201 1972 408 2026 tempore
443 1961 533 2007 lzoc
570 1962 783 2007 restitues
821 1978 1021 2025 regnum
1049 1959 1239 2006 Israel?
1282 1960 1426 2005 Dixit
1460 1968 1619 2005 autem

201 2038 268 2083 eis
301 2056 312 2082 .·
350 2037 461 2083 Non
500 2049 568 2084 est
605 2049 811 2084 vestrum
850 2055 991 2084 nosse
1020 2048 1235 2102 tempora
1269 2035 1349 2082 vel
1381 2045 1619 2081 momenta

201 2133 312 2176 quce
341 2117 489 2161 Pater
521 2119 690 2181 posuit
720 2117 768 2161 in
809 2134 901 2163 sua
936 2126 1206 2181 potestate,
1251 2113 1340 2160 sed
1366 2114 1618 2178 accipietis

199 2194 423 2238 virtutem
463 2195 832 2258 supervenientis
876 2194 1087 2258 Spiritus
1121 2192 1295 2239 Sancti
1331 2194 1381 2236 in
1420 2208 1537 2247 vos,
1577 2201 1622 2237 et

202 2271 333 2314 eritis
363 2270 483 2315 milii
511 2281 645 2315 testes
683 2272 731 2315 in
770 2269 1072 2327 Jerusalem,
1119 2279 1162 2314 et
1190 2269 1239 2313 in
1280 2268 1413 2314 omni
1438 2268 1621 2314 Judoea

201 2347 296 2392 sive
326 2349 579 2403 Samaria,
613 2358 656 2392 et
685 2365 835 2411 usque
869 2347 939 2393 acl
967 2346 1181 2393 ultimum
1219 2358 1369 2393 terroe.
1410 2347 1479 2393 Et
1512 2364 1621 2393 cum

203 2426 293 2470 hoc
322 2424 551 2481 dixisset,
591 2425 864 2471 videntibus
902 2425 995 2471 illis
1024 2425 1230 2471 elevatus
1260 2435 1357 2482 est,
1396 2435 1440 2470 et
1473 2423 1620 2470 nubes

203 2502 413 2566 suscepit
444 2519 550 2547 eum
579 2501 641 2547 ab
673 2501 827 2548 oculis
865 2519 1040 2548 eorum.
1084 2505 1296 2566 Cumque
1330 2503 1623 2547 intuerentur

207 2581 255 2625 in
297 2580 470 2626 coelum
514 2591 699 2626 euntem
744 2580 913 2637 illum,
955 2597 1063 2627 ecce
1103 2579 1200 2627 duo
1241 2579 1336 2626 viri
1375 2580 1622 2624 astiterunt

254 2756 303 2797 fi)
330 2755 439 2788 Marc.
463 2767 543 2790 ΧΠ,
572 2754 702 2800 isi-19.
732 2756 815 2789 Lus.
839 2768 934 2794 xxiv,
958 2754 1024 2796 50,
1048 2753 1103 2788 51.
