1738 3043
200 255 277 290 ‘280
563 249 805 289 HISTORIA
836 249 1237 289 ECCLESIASTICA.

197 333 327 377 omni
357 329 536 394 populo
557 330 817 394 nequitiam
836 347 963 376 suain
990 331 1028 377 ei
1058 330 1297 378 confessus
1318 341 1403 378 est.
1431 331 1611 380 Deinde

198 410 397 454 xvi-bum
421 408 499 453 Dei
524 406 581 453 ab
598 407 814 471 apostolo
836 406 1039 455 libenter
1056 407 1262 465 audivit,
1282 418 1328 455 et
1346 407 1404 455 ab
1423 409 1614 474 aegritu-

197 486 307 531 «line
332 495 516 530 sanatus
544 485 590 530 in
623 486 775 532 Deum
800 485 1024 541 credidit,
1053 495 1193 550 atque
1226 486 1273 531 in
1300 485 1380 533 Dei
1413 485 1513 551 lege
1537 485 1614 532 di-

198 564 398 627 ligenter
421 561 697 609 ambulavit.

261 640 430 686 Calista
467 658 581 688 vero
613 657 737 688 uxor
770 641 1067 705 proconsulis
1103 642 1242 688 nimis
1277 640 1448 688 invidit
1484 642 1615 690 Tro-

198 721 322 767 timae
352 723 443 783 (ι),
471 737 579 784 quae
610 719 728 768 olim
758 718 1023 766 concubina
1059 722 1156 783 ejus
1190 720 1371 776 fuerat3
1411 718 1489 766 sed
1515 721 1613 784 jam

196 797 331 844 alteri
369 797 473 844 viro
514 797 713 855 sociata,
758 797 1028 861 apostolicae
1067 797 1300 844 doctrinae
1335 796 1610 845 adhaeserat.

197 874 334 922 Unde
360 873 519 921 Lisbio
542 875 815 939 ignorante,
835 875 986 921 accito
1002 885 1337 938 procuratore,
1355 875 1495 938 jussit
1512 891 1614 921 eam

197 964 251 999 ut
277 963 489 999 scortum
519 952 731 999 damnari
771 970 822 998 ac
852 952 908 998 ad
943 953 1140 1017 lupanar
1178 952 1362 1000 deduci.
1403 951 1614 1000 Trofima

200 1033 355 1095 itaque
379 1030 434 1076 ad
469 1031 665 1094 lupanar
694 1030 970 1087 deducitur,
1003 1030 1163 1077 lenoni
1188 1029 1421 1088 donatur,
1452 1028 1617 1094 ibique

196 1108 347 1154 Deum
373 1106 551 1153 assidue
573 1106 870 1171 deprecatur.
894 1104 1208 1154 Venientibus
1226 1116 1384 1153 autem
1408 1105 1618 1170 impudi-

198 1186 262 1232 cis
298 1185 611 1249 Evangelium
649 1183 950 1249 opponebat,
991 1182 1120 1249 quod
1160 1200 1319 1231 secum
1356 1182 1413 1229 ad
1452 1193 1620 1247 pectus

198 1280 336 1309 suum
355 1262 582 1318 habebat3
604 1272 744 1327 atquc
763 1279 875 1309 mox
904 1260 1207 1309 illecebrosus
1225 1261 1418 1308 affectus
1436 1259 1619 1324 deperi-

199 1341 295 1387 bat.
323 1341 537 1406 Denique
562 1339 755 1406 quidam
784 1339 1179 1405 impudicissimus
1212 1340 1341 1404 lepos
1368 1339 1442 1402 (2)
1467 1354 1617 1384 acces-

199 1418 283 1474 sit,
306 1418 582 1465 violentiam
603 1419 814 1483 ingerere
831 1417 1008 1474 voluit3
1033 1417 1112 1464 sed
1139 1417 1214 1464 illa
1240 1416 1440 1473 restitit,
1466 1415 1621 1461 Evan-

200 1496 470 1561 geliumquc
495 1497 549 1543 ad
586 1507 762 1543 terram
785 1496 969 1543 cecidit.
1000 1497 1137 1542 Tunc
1168 1495 1378 1542 Trofima
1409 1510 1620 1541 moerens

200 1573 359 1621 ambas
384 1593 550 1621 manus
573 1575 628 1621 ad
663 1575 836 1621 coelum
869 1573 1106 1630 extendit,
1141 1584 1188 1620 et
1219 1573 1485 1637 lacrymans
1513 1571 1579 1618 ait
1606 1591 1616 1616 :

242 1652 283 1697 ‘e
305 1654 519 1717 patiar-is
550 1671 647 1709 me,
688 1653 920 1709 Domine,
952 1651 1138 1716 pollui,
1179 1650 1238 1697 ob
1275 1651 1415 1715 eujus
1449 1666 1621 1696 nomen

203 1732 469 1776 castitatem
496 1730 668 1794 diligo.
692 1729 900 1794 Angelus
926 1746 1037 1775 vero
1068 1728 1263 1775 Domini
1289 1727 1447 1773 statim
1477 1727 1516 1773 ei
1542 1743 1621 1790 ap-

202 1806 384 1869 paruit,
409 1816 455 1851 et
486 1806 831 1852 inverecundus
855 1806 1043 1869 juvenis
1069 1804 1126 1850 ad
1157 1802 1294 1868 pedes
1324 1805 1422 1867 ejus
1455 1801 1622 1849 cadens

203 1883 451 1945 expiravit.
481 1882 543 1928 At
581 1882 685 1939 illa,
719 1882 948 1928 divinitus
979 1880 1273 1936 confortata,
1308 1879 1460 1926 Deum
1481 1877 1622 1926 bene-

204 1959 347 2016 dixit,
382 1977 678 2024 pucrumque
716 1961 763 2006 in
791 1960 985 2006 nomine
1014 1958 1189 2005 Christi
1223 1957 1542 2015 resuscitavit3
1578 1967 1625 2004 et

205 2038 361 2084 omnis
389 2038 550 2083 civitas
573 2037 630 2084 ad
657 2037 745 2084 hoc
771 2038 1091 2101 spectaculum
1117 2037 1346 2084 cucurrit.

270 2115 439 2163 Calista
464 2133 576 2162 vero
597 2134 705 2162 cum
730 2127 1039 2179 procuratore
1058 2132 1142 2162 suo
1166 2114 1222 2161 ad
1244 2113 1469 2160 balneum
1486 2111 1618 2159 abiit.

206 2195 424 2258 Cumque
448 2194 586 2240 simul
618 2194 914 2249 lavarentur,
946 2193 1137 2241 daemon
1163 2191 1434 2238 teterrimus
1459 2190 1524 2237 eis
1546 2207 1623 2254 ap-

206 2271 388 2333 paruit3
431 2290 453 2316 a
490 2288 587 2336 quo
622 2272 826 2333 percussi
865 2269 1005 2316 ambo
1041 2269 1219 2316 mortui
1257 2278 1384 2314 sunt.
1427 2268 1623 2332 Magnus

256 2517 305 2558 (1)
334 2514 428 2547 Liscz
452 2530 455 2545 1
488 2514 710 2559 ΊἸίψΙιίηιιν.

255 2577 303 2617 (ἰ)
332 2573 426 2606 Daue.
446 2573 476 2606 la
497 2572 648 2619 legende
666 2574 860 2619 originale,
884 2574 973 2608 dont
995 2574 1136 2608 celle-ci
1162 2574 1252 2608 n'est
1272 2572 1385 2619 qu'un
1403 2572 1535 2606 extrait
1551 2571 1624 2605 sort

213 2636 358 2679 ..brege‚
382 2632 432 2667 les
452 2640 565 2667 inots·
587 2633 895 2678 impudicis§imm
916 2635 1031 2681 lepos,
1054 2641 1135 2668 sont
1150 2631 1346 2679 remplaces
1369 2643 1433 2677 par
1450 2630 1592 2665 ceux-ci
1614 2646 1621 2663 :

214 2691 508 2737 maepndicisvu'rnae
526 2694 614 2726 vitoe
628 2693 772 2738 juvenis
787 2692 954 2739 quidam,
974 2693 1037 2740 qui
1057 2702 1148 2726 nous
1162 2690 1354 2738 indiqueut
1366 2688 1623 2723 suffisammem

214 2751 243 2784 le
263 2762 340 2784 sens
358 2761 428 2797 que
448 2757 551 2784 notre
570 2756 699 2785 auteur
718 2765 735 2785 a
755 2751 856 2797 prete
876 2751 921 2785 ici
941 2764 984 2785 au
1004 2757 1080 2785 mot
1101 2750 1211 2795 lepos.
