1738 3043
572 204 723 242 LlBER
751 204 1029 243 SECUNDUS.
1443 212 1517 246 :327

100 285 219 332 Deus
255 287 350 349 ejus
381 285 612 332 waldach
651 286 890 332 cecidisset
920 296 966 331 et
998 287 1273 333 minutatim
1307 286 1511 335 abiisset.

97 363 234 409 Tunc
253 380 335 409 rex
355 380 645 427 purpuream
663 374 837 410 vestem
853 400 865 419 ‚
889 382 979 428 qua
1002 365 1194 411 indutus
1213 377 1312 413 erat
1326 402 1338 423 ‚
1360 367 1514 422 scidit,

95 449 142 486 et
154 449 369 486 sanetum
386 441 657 503 apostolum
671 439 874 486 fustibus
890 442 1006 487 caedi
1021 442 1152 499 feeit,
1171 460 1344 490 caesum
1359 453 1519 491 autem

93 515 317 564 decollari
336 518 580 582 praeeepit.
603 517 979 565 Innumerabiles
1002 536 1114 567 vero
1135 521 1300 584 populi
1321 537 1384 567 xu'
1402 522 1519 568 eivi-

96 604 264 653 tatum‚
282 595 363 660 qui
381 594 698 652 crediderant,
711 606 967 653 venerunt,
987 615 1095 643 eum
1113 598 1305 664 hymnis
1323 610 1369 646 et
1384 601 1518 647 omni

91 671 242 736 gloria
267 690 440 737 eorpus
465 676 561 738 ejus
586 673 916 732 abstulerunt,
951 677 1088 741 eique
1117 676 1356 724 basilicam
1382 679 1520 726 mira».

93 751 433 816 magnitudinis
472 762 878 810 construxerunt,
913 764 961 800 et
995 754 1043 800 in
1069 772 1119 802 ea
1155 757 1516 802 sacratissimum

93 846 266 893 corpus
296 841 577 894 posuerunt.
616 831 882 878 Tricesimo
912 841 1070 879 autem
1101 832 1178 880 die
1210 832 1520 897 depositionis

91 911 224 972 ejus,
261 908 489 974 Astyages
525 927 606 957 rex
647 919 693 956 et
734 926 899 957 omnes
935 910 1186 974 pontifices
1220 929 1243 958 a
1280 911 1521 959 daemonio

91 985 266 1049 arrepti
299 997 439 1043 sunt;
473 997 521 1034 et
545 987 787 1035 venientes
815 987 871 1033 ad
905 988 1138 1052 templum
1168 990 1288 1052 ejuS‚
1329 1000 1520 1053 aposto-

94 1063 192 1109 lum
215 1064 415 1111 confessi
441 1075 577 1121 sunt,
612 1075 659 1112 et
684 1065 749 1111 sic
774 1064 874 1112 Deo
895 1066 1141 1130 judicante
1174 1067 1353 1114 mortui
1386 1078 1514 1113 sunt.

91 1142 262 1206 Ingens
298 1143 455 1207 itaque
492 1144 639 1190 timor
675 1161 816 1208 super
849 1161 1014 1191 omnes
1048 1144 1318 1191 incredulos
1357 1144 1513 1190 irruit.

91 1218 310 1265 Universi
335 1237 448 1266 vero
468 1219 771 1267 manifestam
793 1221 877 1267 Dei
905 1221 1143 1268 ultionem
1165 1221 1404 1267 intuentes
1424 1238 1518 1266 cre-

90 1294 342 1353 diderunt,
374 1308 420 1343 et
443 1315 466 1342 a
492 1296 664 1362 presby
675 1299 809 1353 teris,
843 1314 962 1362 quos
987 1297 1228 1361 apostolus
1260 1296 1518 1344 Bartholo-

90 1391 237 1421 maeus
261 1374 590 1432 ordinaverat,
614 1373 835 1439 baptizati
861 1385 990 1421 sunt.

156 1451 393 1499 Polemius
430 1470 513 1499 rex
547 1471 633 1517 per
669 1452 1036 1511 revelationem,
1075 1452 1208 1498 omni
1246 1452 1427 1515 populo
1468 1462 1513 1498 et

90 1530 217 1578 clero
237 1530 525 1577 acclamante
543 1568 554 1590 ,
574 1529 636 1576 ab
654 1530 872 1593 apostolo
892 1529 1140 1593 episcopus
1158 1528 1406 1576 ordinatus
1425 1540 1511 1585 est,

89 1619 136 1656 et
158 1609 289 1674 signa
307 1608 510 1666 faciens,
538 1625 600 1655 xx
630 1609 766 1655 annis
795 1609 842 1654 iu
869 1609 1144 1672 episcopatu
1167 1607 1314 1664 vixit;
1337 1617 1385 1654 et
1403 1626 1513 1673 per-

88 1686 222 1734 fectis
245 1686 470 1735 omnibus
495 1704 547 1733 ae
570 1685 693 1734 hene
719 1686 994 1750 compositis
1019 1697 1067 1733 et
1088 1684 1210 1734 bene
1235 1685 1514 1733 constabili-

90 1766 174 1822 tis,
203 1765 261 1812 ad
285 1766 548 1812 Dominum
573 1764 811 1830 migravit.

154 1842 352 1889 Peracto
384 1841 653 1887 multorum
689 1856 928 1886 annorum
965 1840 1146 1902 spatio,
1190 1856 1298 1885 cum
1338 1840 1510 1886 iterum

90 1919 370 1966 Christianis
395 1918 657 1965 advenisset
681 1917 977 1981 persecutio,
1009 1927 1056 1963 et
1073 1915 1291 1963 viderent
1312 1918 1511 1981 gentiles

87 2014 283 2046 omnem
324 1995 557 2062 populum
600 1994 655 2041 ad
692 1994 818 2042 beati
862 1992 1200 2041 Bartholomaei
1240 1994 1509 2058 sepulcrum

89 2093 399 2132 concurrere,
428 2074 566 2139 eique
596 2072 791 2120 assiduae
825 2072 1170 2137 deprecationis
1205 2072 1394 2119 incensa
1428 2072 1513 2120 de-

89 2154 244 2208 ser1·e;
280 2152 453 2200 invidia
488 2152 629 2199 illecti
664 2169 836 2215 corpus
861 2153 958 2215 ejus
985 2149 1312 2212 abstulerunt,
1343 2152 1390 2198 in
1415 2170 1513 2198 sar—

92 2232 357 2299 cophagum
382 2229 663 2296 plumbeum
694 2240 960 2295 posuerunt
990 2239 1036 2276 et
1069 2230 1116 2275 in
1143 2247 1272 2277 mare
1295 2232 1512 2294 projece-

91 2322 223 2358 runt.
261 2310 350 2357 Sed
380 2307 676 2374 providentia
705 2308 787 2356 Dei
825 2318 1135 2373 cooperante,
1171 2307 1510 2373 sarcophagum

93 2390 371 2455 plumbeum
394 2408 418 2435 a
444 2388 551 2436 loco
573 2388 656 2435 illo
675 2388 807 2453 aquis
825 2387 1197 2435 subvehentibus
1214 2386 1512 2435 sublevatum

92 2480 187 2527 est,
215 2487 266 2515 ae
285 2468 340 2515 ad
365 2467 564 2514 insulam
590 2467 805 2530 Lipparis
828 2465 1034 2512 delatum
1053 2476 1146 2521 est;
1171 2465 1330 2530 ibique
1349 2464 1511 2511 Chris-

96 2547 257 2603 tianis,
288 2556 337 2591 ut
366 2545 480 2591 illud
502 2542 765 2591 honorilice
791 2543 1110 2606 susciperent,
1138 2542 1393 2589 revelatum
1422 2552 1505 2586 cst.

96 2622 272 2671 ibidem
298 2623 549 2670 colim-uun
583 2633 619 2667 rt
652 2621 889 2684 sepullum
912 2630 1005 2674 vsi,
1035 2630 1081 2665 ot
1117 2619 1346 2684 templum
1381 2636 1493 2675 mag-
