1738 3043
289 256 368 294 306
657 251 900 291 HISTORIA
931 252 1336 293 ECCLESIASTICA.

354 334 480 382 VIII.
518 332 724 380 Thomas
757 332 987 398 abyssus,
1024 343 1071 382 et
1101 334 1334 400 Didymus
1371 336 1713 402 interpretatur

284 414 527 479 geminus,
552 411 662 477 quia
680 411 908 459 Salvatori
932 412 1097 459 similis
1113 423 1182 460 est
1203 412 1452 461 redimitus
1469 416 1711 466 multimo-

287 493 357 539 dis
382 492 618 538 virtutum
643 489 1019 538 charismatibus.
1048 492 1135 538 Hic
1155 491 1470 557 Evangelium
1487 494 1713 559 praedica-

288 570 356 616 vit
375 566 560 615 Parthis
584 579 630 615 et
654 567 834 625 Medis,
859 568 1077 615 Hircanis
1105 579 1152 616 et
1179 569 1356 627 Persis,
1382 571 1641 619 Bactrianis
1666 583 1714 621 et

288 645 415 693 Indis
436 681 448 702 ‚
493 663 545 692 ac
588 649 874 710 martyrium
923 646 971 692 in
1022 646 1262 693 Calamina
1310 648 1502 696 civitate
1547 648 1596 696 In
1638 649 1715 698 die

291 734 377 770 Χιιο
405 721 499 770 kal.
520 723 726 787 januarii
765 723 853 769 sub
885 722 1076 772 Mesdeo
1112 741 1220 789 rege
1255 726 1628 784 consummavit;
1665 737 1714 774 et

288 820 387 850 non
409 801 563 848 multo
580 810 689 865 post
710 800 817 849 inde
837 801 894 847 ad
908 801 1131 849 Edessam
1151 801 1323 849 urbem
1341 803 1505 850 multis
1521 803 1714 851 mirabi-

290 878 413 926 libus
438 879 720 926 coruscavit.

354 959 407 1004 ln
429 956 742 1004 relationibus
760 955 817 1003 de
841 955 1066 1020 apostolis
1084 956 1235 1003 multa
1260 957 1504 1006 diversitas
1528 969 1599 1006 est
1617 969 1714 1007 tam

289 1054 378 1100 pro
403 1035 690 1100 antiquitate
716 1035 970 1099 temporis,
993 1052 1135 1099 quam
1153 1053 1244 1100 pro
1264 1036 1616 1103 longinquitate
1634 1056 1716 1086 re—

288 1116 488 1180 gionum
530 1112 612 1159 ubi
649 1113 870 1177 agricolae
905 1111 1081 1159 Christi
1120 1113 1506 1177 praedicaverunt
1539 1114 1716 1175 barba-

288 1193 379 1249 ris,
402 1191 485 1256 qui
505 1191 693 1238 dissona
716 1189 936 1237 barbarie
962 1207 1041 1236 sua
1065 1189 1198 1237 valde
1217 1189 1487 1256 discrepant
1503 1210 1526 1239 a
1548 1193 1719 1240 Roma-

290 1287 467 1319 norum
488 1268 660 1316 ritibus
685 1279 732 1316 et
757 1286 845 1315 usu
869 1268 1145 1316 locutionis.
1165 1269 1304 1317 Unde
1329 1270 1378 1317 in
1403 1268 1715 1336 quibusdam,

289 1366 397 1414 quae
420 1348 478 1396 de
496 1349 670 1396 sanctis
695 1347 923 1412 apostolis
942 1347 1141 1412 legimus
1156 1383 1169 1405 ,
1191 1349 1422 1413 quoniam
1441 1348 1500 1396 ab
1525 1349 1716 1398 incertis

290 1427 414 1474 edita
455 1437 567 1473 sunt
604 1424 881 1473 auctoribus
922 1435 970 1472 et
1004 1443 1153 1490 usque
1191 1426 1248 1472 ad
1283 1444 1371 1474 nos
1409 1428 1675 1475 transmissa
1700 1463 1714 1485 ‚

290 1503 589 1559 dubitamus;
623 1502 892 1567 praesertim
923 1519 1034 1547 cum
1065 1519 1090 1547 a
1124 1501 1310 1550 Gelasio
1343 1521 1487 1568 papa,
1524 1503 1720 1569 aliisque

293 1582 474 1645 magnis
499 1578 772 1644 apocrypha
799 1589 1072 1642 nuncupata
1105 1580 1202 1625 sint
1234 1579 1532 1629 doctoribus.
1567 1583 1720 1648 Egre-

292 1659 394 1722 gius
412 1674 604 1722 quoque
622 1655 841 1720 pontifex
860 1654 1154 1720 Augustinus
1173 1656 1221 1702 in
1243 1656 1512 1721 hujusmodi
1531 1660 1720 1724 scriptis

293 1734 553 1790 dubitavit,
581 1744 629 1780 et
655 1751 764 1780 cum
795 1733 1073 1780 meticulosa
1102 1734 1464 1798 scrupulositate
1487 1736 1544 1784 de
1569 1737 1718 1784 sancti

297 1816 337 1859 Τ
342 1814 498 1861 homae
530 1813 670 1877 gestis
698 1821 865 1860 contra
888 1813 1117 1858 Faustum
1142 1811 1461 1860 manichaeum
1483 1815 1723 1880 quoddam

298 1891 569 1955 exemplum
593 1889 800 1954 protulit
833 1889 924 1953 (1).
961 1889 1064 1937 Hoc
1091 1889 1196 1937 ideo
1222 1889 1318 1936 dixi
1349 1890 1406 1937 de
1434 1890 1724 1940 dissonantia

297 1970 588 2033 scriptorum
602 2003 614 2025 ‚
641 1985 750 2032 quae
767 1984 853 2032 per
876 1965 1045 2014 orbem
1063 1968 1234 2031 passim
1254 1969 1494 2033 reperitur
1513 1969 1562 2016 in
1587 1969 1723 2017 volu-

299 2046 510 2094 minibus
537 2046 876 2110 antiquorum‚
899 2062 1001 2092 non
1026 2055 1080 2092 ut
1102 2045 1325 2111 derogem
1351 2047 1579 2095 mirandis
1600 2065 1720 2113 ope-

300 2123 432 2171 ribus
463 2133 763 2180 sanctorum;
797 2122 877 2170 sed
901 2133 954 2169 ut
976 2140 1294 2189 quaecumque
1324 2126 1496 2190 scripta
1526 2136 1638 2173 sunt
1661 2127 1719 2174 de

300 2202 553 2267 apostolis,
582 2201 740 2248 aliisve
765 2201 939 2259 beatis,
968 2202 1125 2250 studio
1154 2204 1400 2266 priorum,
1424 2222 1533 2250 cum
1558 2203 1719 2251 subtili

303 2280 482 2327 cautela
516 2279 797 2326 discutiatur
820 2279 878 2325 ad
911 2280 1017 2327 fidei
1048 2282 1406 2329 munimentum
1437 2294 1484 2330 et
1515 2282 1723 2330 aedifica-

304 2358 484 2405 tionem
503 2373 712 2403 morum.
732 2356 873 2402 Nunc
889 2357 938 2402 in
955 2358 1153 2405 nomine
1168 2360 1366 2406 Domini
1384 2358 1594 2407 breviter
1610 2378 1723 2424 pro-

303 2451 470 2498 sequar
486 2433 809 2480 narrationem
821 2469 833 2489 ,
851 2451 960 2498 quae
975 2436 1121 2481 sancti
1144 2435 1344 2484 Thomae
1357 2436 1557 2501 apostoli
1572 2436 1720 2484 refert

304 2508 599 2556 fructiferam
625 2509 1083 2573 peregrinationem,
1111 2509 1296 2559 felicem
1320 2523 1368 2559 et
1388 2512 1643 2576 gloriosam
1661 2512 1722 2560 de

350 2759 397 2791 (Ρ
431 2757 557 2791 Sancti
577 2757 779 2799 Augustini
797 2764 923 2791 contra
945 2757 1122 2792 Faustum
1144 2759 1403 2803 manichaeum,
1426 2771 1513 2805 xxii,
1539 2772 1596 2808 79.
