1738 3043
262 222 311 260 48
625 221 864 261 HISTORIA
892 222 1295 263 ECCLESIASTICA.

265 302 324 347 ita
348 300 569 348 describit
592 321 602 346 τ
631 303 783 349 Pater
799 314 956 350 noster
977 307 1057 369 qui
1075 321 1122 351 es
1142 306 1189 351 in
1211 305 1341 352 coelis
1351 340 1368 361 ,
1390 306 1659 370 sanctifice-

263 391 339 424 tur
359 396 527 424 nomen
554 389 701 425 tuum.
738 381 977 428 Adveniat
1010 399 1205 445 regnum
1242 393 1388 429 tuum.
1421 383 1539 430 Fiat
1566 402 1658 430 vo-

265 455 422 501 luntas
450 467 558 512 tua,
585 457 708 503 sicut
731 458 778 503 in
803 457 922 504 coelo
946 469 988 503 et
1009 459 1057 503 in
1077 469 1216 505 terra.
1241 459 1429 505 Panem
1450 470 1660 506 nostrum

263 533 599 596 quotidianum
619 534 686 581 da
707 534 843 582 nobis
866 535 1022 582 hodie.
1045 536 1112 582 Et
1138 536 1322 583 dimitte
1339 536 1476 584 nobis
1499 537 1661 584 debita

262 620 449 666 nostra,
487 611 610 656 sieut
639 621 683 657 et
717 628 803 657 nos
837 611 1118 658 dimittimus
1150 612 1437 660 debitoribus
1468 614 1658 660 nostris.

264 685 330 729 Et
357 702 414 731 ne
444 703 530 732 nos
558 686 762 732 inducas
793 689 842 732 in
868 690 1181 734 tentationem.
1213 688 1309 734 Sed
1342 688 1493 735 libera
1513 705 1600 738 nos
1631 705 1663 735 a

264 763 404 809 malo.
433 766 605 810 Amen.
635 766 686 810 ln
717 764 868 810 tribus
889 765 1053 828 primis
1075 764 1384 829 petitionibus
1402 776 1664 830 poscuntur

263 851 463 899 aeterna,
497 841 544 887 in
578 841 772 905 reliquis
804 852 1010 905 quatuor
1034 842 1336 906 temporalia,
1369 859 1477 908 quae
1506 853 1662 889 tamen

262 915 326 963 ob
366 927 540 963 aeterna
577 917 901 981 consequenda
939 928 1051 965 sunt
1091 919 1343 965 necessaria
1380 919 1472 982 (ι).
1511 919 1664 966 Porro

264 994 409 1039 Lucas
438 994 650 1058 quinque
682 994 933 1058 petitiones
968 995 1028 1040 ita
1060 995 1331 1058 complexus
1361 1004 1431 1042 est
1456 1014 1467 1040 :
1494 995 1660 1050 Pater,

263 1071 584 1135 satzetfieetur
615 1088 782 1117 nomen
819 1083 966 1117 tuum.
1006 1072 1247 1118 Adveniat
1280 1088 1477 1136 regnum
1513 1081 1661 1116 tuum.

262 1148 450 1192 Panem
476 1158 687 1193 nostrum
712 1147 1044 1211 quotidianum
1069 1147 1137 1194 da
1159 1148 1292 1195 nobis
1313 1147 1468 1194 hodie.
1494 1147 1563 1194 Et
1581 1147 1663 1194 di·-

263 1226 392 1270 mitte
420 1224 551 1271 nobis
567 1236 779 1290 peecata
801 1237 991 1282 nostra,
1014 1226 1253 1289 siquidem
1278 1236 1322 1272 et
1350 1226 1445 1291 ipsi
1462 1224 1667 1271 dimitti-

263 1320 366 1349 mus
389 1303 522 1348 omni
539 1301 731 1348 debenti
750 1302 902 1348 nobis.
934 1303 999 1347 Et
1024 1319 1082 1348 ne
1100 1321 1186 1349 nos
1213 1303 1417 1350 inducas
1437 1304 1487 1349 in
1511 1313 1667 1350 tenta-

264 1382 454 1426 tionem.
478 1380 599 1426 Ecce
619 1389 797 1443 septem
816 1380 1068 1442 petitiones
1087 1379 1344 1426 secundum
1364 1378 1662 1441 Matthaeum,

263 1455 545 1503 abbreviatae
567 1466 677 1502 sunt
695 1456 741 1501 in
759 1456 970 1520 quinque
987 1456 1244 1503 secundum
1261 1458 1452 1503 Lucam.
1478 1456 1665 1505 Nomen

264 1536 440 1599 quippe
463 1534 545 1581 Dei
571 1532 890 1579 sanctificatur
908 1533 955 1578 in
980 1534 1167 1596 spiritu.
1189 1534 1272 1580 Dei
1291 1543 1449 1581 autem
1466 1551 1666 1599 regnum

267 1611 314 1657 in
355 1611 507 1657 carnis
546 1609 893 1657 resurrectione
932 1621 1189 1656 venturum
1226 1621 1311 1657 est.
1353 1610 1532 1658 Deinde
1573 1621 1666 1659 tres

264 1690 372 1735 alias
396 1688 631 1753 adjungit,
656 1687 712 1734 de
731 1705 849 1751 pane
868 1687 1147 1751 quotidiano
1161 1723 1174 1744 ,
1196 1688 1252 1735 de
1269 1689 1543 1736 remissione
1560 1705 1667 1752 pec-

265 1778 506 1823 catorum,
538 1766 594 1813 de
626 1765 889 1812 tentatione
913 1766 1117 1812 vitanda.
1154 1767 1207 1812 In
1238 1766 1309 1812 his
1341 1776 1666 1831 competenter

267 1844 463 1908 intelligi
484 1852 681 1907 possunt
695 1860 1006 1907 quaecumque
1030 1843 1078 1889 in
1100 1843 1183 1888 hac
1200 1853 1248 1890 et
1264 1843 1350 1889 alia
1366 1843 1461 1889 vita
1481 1842 1663 1892 homini

266 1920 518 1967 necessaria
537 1929 648 1965 sunt
667 1919 756 1981 (2).
785 1919 990 1982 Rogatus
1016 1919 1171 1984 itaque
1195 1921 1324 1966 Jesus
1346 1937 1370 1965 a
1394 1919 1661 1984 discipulis:

265 1997 495 2053 Domine,
518 1996 638 2042 doce
661 2013 746 2042 nos
765 2013 926 2053 orare,
954 2013 1053 2043 non
1073 1996 1227 2043 solum
1244 1996 1447 2045 formam
1469 1996 1662 2056 orandi,

265 2072 344 2119 sed
369 2073 640 2118 instantiam
659 2071 1068 2136 frequentiamque
1092 2072 1235 2118 tradit
1256 2072 1441 2120 orandi.
1469 2073 1537 2120 De
1553 2090 1666 2136 per-

266 2150 522 2197 severantia
553 2149 781 2196 orationis
813 2148 1005 2194 assiduae
1037 2166 1143 2195 suos
1173 2149 1419 2205 admonet,
1452 2160 1498 2197 et
1529 2151 1664 2197 amici

269 2236 361 2271 tres
391 2242 531 2287 panes
558 2224 708 2270 media
736 2233 875 2270 nocte
911 2225 1114 2287 petentis
1146 2224 1415 2288 parabolam
1445 2224 1661 2284 exhibet;

267 2301 546 2364 petendum,
575 2298 910 2363 quaerendum,
940 2299 1223 2362 pulsandum
1249 2301 1510 2365 persuadet.
1541 2303 1667 2351 Hor-

268 2387 395 2423 tatur
432 2376 558 2423 enim
595 2386 753 2440 petere
790 2377 946 2440 epulas
982 2377 1114 2424 verbi
1151 2379 1266 2435 Dei,
1304 2379 1476 2444 quibus
1514 2380 1666 2427 alatur

268 2453 471 2509 amicu5‚
511 2452 557 2499 id
593 2464 661 2499 est
697 2454 907 2510 animus5
949 2471 1160 2518 quaerere
1196 2456 1426 2514 amicum,
1467 2457 1549 2522 qui
1587 2457 1666 2504 det

267 2529 536 2586 affluenter,
572 2528 618 2574 id
654 2539 721 2575 est
754 2530 1016 2576 Dominum
1027 2549 1040 2588 ;
1071 2530 1253 2594 pulsare
1286 2534 1462 2578 ostium
1492 2531 1664 2579 divinae

317 2710 365 2749 (ι),
389 2706 515 2740 Manli.
541 2719 593 2750 vi,
613 2705 710 2752 9-15.
734 2728 771 2732 —
790 2710 838 2751 (2)
859 2708 943 2742 Luc.
965 2720 1015 2751 xi,
1039 2711 1113 2750 2-4.
