1738 3043
195 199 272 236 356
557 196 797 235 HISTORIA
827 197 1228 238 ECCLESIASTICA.

198 293 442 341 nunquam
467 276 659 340 propria
691 276 866 324 virtute
897 277 1093 324 fuissent
1122 279 1318 342 privata.
1344 280 1598 345 Postquam

202 354 423 416 praesatus
463 369 618 398 comcs
655 351 915 417 Sigibertus
951 365 1135 401 sanatus
1174 365 1268 413 est,
1303 372 1412 402 cum
1445 356 1601 404 multo

198 440 423 494 apparatu
446 429 610 494 populi
637 429 694 476 ad
718 441 930 477 sanctum
957 431 1217 478 antistitem
1242 432 1482 496 profectus
1505 443 1598 490 est,

194 519 241 553 et
264 506 321 552 ab
350 508 450 571 ipso
480 508 594 553 sacri
620 506 910 572 baptismatis
941 508 1064 555 unda
1094 526 1204 555 cum
1233 510 1414 556 cunctis
1437 526 1602 575 sequa-

195 583 327 630 cibus
343 585 436 630 suis
455 596 754 649 regeneratus
772 595 857 632 est.
881 585 1078 650 Copiosa
1099 604 1212 635 vero
1229 604 1423 650 precum
1441 597 1489 634 et
1505 604 1602 651 gra-

197 662 368 707 tiarum
388 661 522 707 xenia
536 678 625 725 pro
639 661 818 708 collatis
832 661 919 708 sibi
938 662 1208 710 coelestibus
1222 662 1462 711 beneficiis
1475 673 1603 711 retu-

196 739 269 799 lit,
287 749 334 785 et
347 738 510 784 multis
524 749 682 803 postea
696 737 859 786 diebus
880 740 927 787 in
946 740 1026 788 Dei
1044 742 1236 790 servitio
1252 741 1598 789 felicitervixit.

260 816 539 876 Quondam,
576 834 684 862 cum
719 816 1013 880 exigentibus
1050 817 1300 866 hominum
1338 816 1601 866 insolentiis

192 895 493 942 denominata
533 895 693 940 civitas
734 894 853 958 ignis
895 894 1114 942 incendio
1146 897 1242 960 jam
1283 894 1601 943 consumenda

194 982 500 1028 cremaretur,
527 989 578 1016 ac
602 988 721 1035 pene
745 972 815 1017 sui
843 972 1091 1018 interitum
1110 989 1269 1019 arsura
1288 972 1459 1018 minari
1478 971 1602 1019 vide-

194 1060 352 1105 retur,
382 1047 595 1112 religiosa
629 1047 876 1095 Benedicta
905 1048 1127 1096 baculum
1158 1049 1247 1096 viri
1279 1049 1364 1097 Dei
1400 1048 1602 1096 fideliter

192 1128 287 1192 igni
318 1127 568 1192 opposuit,
594 1137 641 1175 et
669 1127 1070 1191 omnipotentiam
1098 1127 1334 1176 Creatoris
1360 1125 1597 1185 confessa,

188 1208 285 1270 ejus
305 1206 532 1252 auxilium
558 1206 812 1254 invocavit.
842 1205 1066 1254 Protinus
1091 1205 1364 1253 incendium
1389 1206 1450 1251 ita
1476 1205 1602 1269 sopi-

192 1295 292 1330 tum
319 1293 413 1338 est,
442 1293 494 1329 ut
517 1283 708 1347 vestigia
734 1283 854 1347 ignis
881 1283 1015 1330 nullo
1038 1282 1181 1331 modo
1203 1292 1501 1349 apparerent.

257 1362 309 1406 In
335 1360 417 1407 illo
432 1371 671 1424 tempore,
690 1360 918 1406 instinctu
933 1359 1096 1408 divino
1112 1360 1381 1407 admonitus
1392 1395 1409 1418 ‚
1429 1359 1603 1425 praesul

189 1437 363 1484 Christi
398 1437 626 1483 Martialis
660 1437 716 1484 ad
751 1436 1026 1484 Garonnam
1058 1436 1256 1483 ssuvium
1288 1437 1520 1501 perrexit,
1555 1446 1603 1484 et

194 1515 241 1560 in
273 1514 378 1561 loco
409 1514 490 1577 qui
528 1514 809 1560 Mauritania
837 1513 911 1576 (1)
948 1512 1142 1570 dicitur,
1179 1513 1342 1559 multis
1373 1513 1455 1578 qui
1489 1511 1601 1558 illuc

191 1590 548 1647 confluxerant,
576 1588 774 1636 verbum
798 1590 880 1637 Dei
906 1589 1180 1653 praedicavit
1193 1609 1207 1647 ;
1237 1589 1397 1655 ibique
1419 1607 1508 1654 pro
1531 1607 1600 1637 sa-

187 1668 445 1716 luberrima
477 1668 787 1732 occupatione
812 1667 961 1714 divini
993 1668 1148 1732 operis
1179 1667 1331 1714 tribus
1359 1667 1600 1715 mensibus

191 1748 379 1794 mansit.
407 1745 589 1793 Novem
614 1745 892 1793 daemoniaci
918 1745 1093 1792 catenis
1113 1746 1389 1803 constricti,
1412 1763 1467 1793 ex
1488 1747 1601 1792 Bur-

188 1824 343 1889 ‹legala
367 1825 555 1870 civitate
574 1842 597 1868 a
617 1822 891 1887 parentibus
914 1822 1127 1881 deducti,
1154 1841 1178 1869 a
1203 1833 1364 1871 sancto
1388 1822 1600 1872 Martiale

190 1899 488 1953 daemonibus
522 1900 724 1964 expulsis
759 1910 868 1946 sunt
893 1900 1058 1946 sanati.
1086 1900 1335 1948 Daemones
1360 1901 1488 1947 enim
1517 1901 1599 1966 qui

190 1997 274 2043 per
298 1978 404 2024 fidei
430 1975 698 2023 christianae
720 1976 945 2023 virtutem
969 1975 1025 2023 de
1048 1975 1303 2041 Burdegala
1324 1975 1442 2023 urbe
1465 1976 1598 2041 ejecti

189 2057 404 2111 fuerant,
437 2054 541 2100 irati
569 2065 734 2100 contra
759 2071 865 2100 suos
897 2071 1015 2119 quos
1048 2053 1431 2119 subjugaverant,
1466 2055 1601 2103 mise-

188 2150 267 2180 ros
293 2130 511 2178 idolatras
532 2131 798 2176 invaserant
814 2165 827 2186 ‚
848 2139 892 2176 et
915 2130 962 2175 in
982 2147 1147 2177 eorum
1167 2147 1367 2195 corpora
1389 2147 1597 2195 grassan-

189 2220 254 2256 tes
281 2208 419 2255 nimis
445 2207 549 2254 illos
568 2205 816 2253 vexabant.
838 2206 875 2252 A
899 2205 1174 2270 parentibus
1194 2207 1349 2272 itaque
1366 2206 1423 2253 ad
1440 2207 1595 2261 virum

186 2286 269 2333 Dei
306 2284 529 2348 pertracti
567 2294 705 2339 sunt;
743 2299 839 2347 quo
872 2293 1038 2330 orante
1064 2294 1111 2331 et
1135 2284 1468 2349 praecipiente,
1494 2301 1595 2330 ma—

187 2362 302 2426 ligni
331 2361 484 2407 hostes
511 2377 595 2423 per
618 2377 698 2406 ora
725 2377 890 2407 eorum
915 2376 1024 2406 cum
1047 2361 1273 2426 sanguine
1295 2360 1461 2426 egressi
1479 2377 1594 2407 nus-

189 2456 332 2504 quam
356 2447 742 2499 comparuerunt.

256 2513 504 2577 Quondam
520 2550 532 2570 ‚
552 2514 664 2559 dum
685 2513 846 2561 beatus
864 2516 1089 2563 Martialis
1109 2515 1404 2562 Mauritaniae
1422 2515 1593 2578 praedi-

230 2691 239 2716 l
252 2697 281 2732 ι)
307 2684 778 2732 Mor-tagne-sur-Gironde.
