1738 3043
620 206 776 245 LIBER
806 206 1015 245 PRIMUS.
1486 215 1533 250 17

113 288 404 355 pharnaum,
431 303 540 353 quae
561 286 684 333 villa
696 286 1029 352 pulcherrima
1055 287 1416 352 interpretatur,
1443 308 1533 355 qua

113 367 305 415 ecclesia
327 366 617 431 designatur.
655 364 887 412 Nazareth
922 366 1124 431 quippe,
1164 367 1289 414 unde
1320 367 1536 416 Christus

113 444 344 493 Nazareus
367 443 520 490 dictus
539 453 633 500 est,
663 443 712 489 in
731 442 923 491 Galilaea
943 445 1078 508 juxta
1095 454 1312 492 montem
1340 445 1536 495 Thabor

113 524 295 570 viculus
320 533 406 570 est.
433 520 764 587 Capharnaum
783 538 898 569 vero
910 509 1154 586 'oppidum
1176 533 1245 569 est
1270 524 1317 570 in
1341 523 1536 573 Galilaea

112 602 327 668 gentium
340 603 475 666 juxta
500 611 719 666 stagnum
746 598 954 647 Genesar
977 600 1148 660 situm,
1174 601 1223 647 in
1249 600 1426 649 finibus
1444 604 1537 651 Za-

112 678 264 728 bulon
289 689 336 727 et
358 678 598 744 Neptalim
614 714 628 736 ‚
658 677 739 724 ubi
766 678 920 744 prima
946 678 1192 743 captivitas
1220 678 1537 730 Hebraeorum

110 758 232 805 facta
272 757 366 805 suit
407 756 465 804 ab
505 757 708 822 Assyriis
750 757 844 822 (1).
889 756 1077 804 Exinde
1096 793 1109 815 ‚
1159 757 1206 804 id
1251 769 1321 806 est
1362 761 1539 809 tradito

110 836 322 894 Joanne,
361 837 512 901 coepit
543 837 675 884 Jesus
709 835 993 901 praedicare,
1030 837 1140 902 quia
1171 849 1390 886 evacuata
1423 857 1539 889 voce

111 916 328 980 sequitur
352 914 580 972 verbum,
609 924 656 962 et
679 913 924 962 desinente
948 915 1049 981 lege
1069 917 1286 981 sequitur
1313 918 1539 985 Evange-

111 991 257 1051 lium,
287 1004 342 1040 ut
372 993 442 1040 sol
474 1009 713 1040 auroram.
743 994 1088 1041 Paenitentiam
1100 1032 1116 1053 ,
1153 994 1340 1060 inquit,
1370 999 1502 1062 agite
1518 1022 1538 1054 ,-

114 1073 525 1139 appropinquavz't
544 1074 670 1118 enim
692 1089 892 1137 regnum
917 1072 1148 1119 coelorum
1175 1074 1268 1137 (2).

176 1148 442 1196 Ambulans
464 1151 594 1197 Jesus
613 1152 747 1214 juxta
775 1167 906 1198 mare
930 1149 1160 1208 Galilaeae,
1184 1150 1430 1199 Simonem
1455 1154 1541 1201 Pe-

114 1238 270 1285 trum,
310 1237 357 1275 et
384 1227 625 1274 Andream
656 1227 854 1275 fratrem
890 1230 1015 1293 ejus,
1051 1240 1097 1276 et
1133 1229 1256 1277 filios
1291 1230 1536 1290 Zebedaei,

110 1305 341 1354 Jacobum
356 1318 402 1354 et
419 1307 654 1353 Joannem
667 1343 680 1363 ‚
698 1308 902 1354 vocavit.
921 1307 985 1354 At
1005 1307 1071 1353 illi
1093 1309 1346 1367 continuo,
1363 1310 1541 1358 relictis

109 1381 317 1441 retibus,
354 1384 500 1430 secuti
533 1394 644 1430 sunt
675 1401 801 1431 eum.
837 1384 1005 1432 Simon
1043 1385 1392 1451 interpretatur
1427 1388 1542 1435 obe-

111 1460 277 1518 diens;
303 1462 470 1509 Petrus
499 1479 770 1527 agnoscens
782 1486 804 1520 ;
825 1460 1037 1511 Andreas
1045 1462 1199 1529 sortis
1208 1505 1224 1525 ,
1253 1466 1328 1514 vel
1347 1467 1506 1514 virilis
1518 1491 1539 1524 ,-

109 1539 311 1588 Jacobus
337 1542 713 1607 supplantat0r;
737 1543 944 1589 Joannes
969 1543 1068 1590 Dei
1086 1546 1272 1609 gratia.
1301 1547 1540 1611 Interpre-

111 1619 314 1667 tationes
349 1620 451 1667 istae
486 1620 659 1666 sanctis
688 1620 1086 1684 praedicatoribus
1110 1634 1217 1687 apte
1243 1637 1537 1690 congruunt.

111 1695 232 1743 Nam
251 1697 352 1744 sine
366 1696 637 1744 obedientia
652 1697 813 1743 nullus
829 1698 886 1745 ad
897 1699 1161 1746 Dominum
1177 1700 1344 1759 intrat,
1363 1702 1542 1768 absque

110 1772 397 1821 fortitudine
420 1773 582 1820 nullus
607 1786 901 1838 perseverat,
930 1787 977 1824 et
999 1777 1081 1842 qui
1101 1778 1215 1824 vitia
1239 1779 1538 1844 supplantat,

110 1853 196 1900 Dei
215 1853 380 1918 gratiae
404 1869 548 1901 omne
572 1852 756 1900 bonum
781 1854 913 1918 quod
937 1853 1077 1903 habet
1098 1856 1303 1904 ascribat
1327 1859 1420 1923 (3).

177 1930 421 1978 Circuibat
455 1932 586 1977 Jesus
619 1937 769 1978 totam
797 1931 1070 1990 Gaffiaeam,
1107 1933 1282 1981 docens
1317 1936 1365 1982 in
1400 1955 1544 2002 syna-

111 2010 243 2076 gogis
268 2027 436 2057 eorum
467 2019 515 2057 et
547 2008 811 2074 praedicans
845 2010 1160 2076 Evangelium
1193 2013 1356 2078 regni,
1386 2025 1433 2061 et
1466 2034 1542 2062 sa-

113 2106 230 2136 nans
266 2106 460 2136 omnem
494 2087 776 2154 languorem
816 2099 863 2135 et
899 2106 1095 2136 omnem
1127 2089 1460 2139 infirmitatem
1492 2093 1541 2140 in

110 2166 310 2231 populo.
348 2167 407 2212 Et
431 2164 549 2212 abiit
582 2166 750 2231 opinio
783 2169 882 2232 ejus
918 2168 967 2214 in
1001 2178 1150 2215 totam
1187 2169 1403 2234 Syriam,
1433 2189 1543 2237 quae

111 2246 243 2311 regio
266 2246 498 2312 pertingit
522 2245 581 2292 ab
602 2244 849 2310 Euphrate
869 2264 1020 2312 usque
1045 2246 1102 2293 ad
1122 2265 1252 2295 mare
1275 2267 1503 2315 magnum
1527 2288 1539 2308 ‚

111 2341 134 2369 a
167 2323 462 2389 Cappadocia
491 2341 640 2389 usque
672 2324 730 2370 ad
757 2325 1041 2390 JEgyptum.
1081 2325 1146 2372 Et
1180 2324 1467 2375 obtulerunt
1499 2330 1541 2376 ei

112 2419 277 2451 omnes
295 2403 416 2451 male
436 2401 662 2451 habentes
675 2439 687 2460 ,
711 2403 852 2449 variis
871 2403 1182 2469 languoribus
1205 2405 1474 2453 animarum
1494 2418 1541 2454 et

158 2615 210 2661 (ι)
239 2614 369 2650 Matth.
398 2627 451 2658 ιν,
483 2614 747 2657 12-16;Ma1·c.
771 2626 803 2658 1,
826 2626 893 2657 '21;
915 2615 998 2650 Luc.
1024 2627 1079 2660 ιν,
1106 2614 1162 2651 51.
1183 2636 1230 2643 --
1248 2618 1299 2662 (2)
1320 2618 1452 2652 Matth.
1486 2630 1538 2661 iv,

120 2684 182 2720 17·,
207 2673 319 2708 Marc.
353 2686 384 2716 ι,
411 2673 462 2709 15.
485 2693 530 2700 --
549 2671 599 2718 (3)
620 2672 748 2708 Matth.
782 2685 834 2716 ιν,
869 2673 999 2717 18-22;
1028 2675 1138 2710 Marc.
1169 2687 1196 2718 1,
1232 2675 1358 2718 16-2o;
1379 2677 1464 2710 Luc.
1497 2689 1538 2718 v,

116 2743 172 2765 ¹2*1
187 2745 214 2765 Ι.

214 2810 245 2839 1.
1322 2814 1343 2840 2
