1738 3043
538 227 691 267 LIBER
719 226 1000 268 SECUNDUS.
1401 236 1480 274 253

58 308 166 355 dam
201 306 317 353 mihi
355 306 474 354 libet
513 324 788 372 excerpere,
832 318 880 356 et
918 310 1182 356 intermissa
1220 310 1479 359 verborum

58 385 245 449 copiosa
274 384 576 448 prolixitate,
615 394 854 448 gestarum
889 386 1275 451 compendiosam
1309 390 1478 437 seriem

57 478 219 509 rerum
246 478 520 526 congerere.

120 537 301 586 Audito
324 538 455 602 quod
480 537 650 584 Paulus
673 538 877 585 Romam
901 539 1131 598 venisset,
1156 541 1324 588 Petrus
1348 543 1481 591 valde

55 617 237 682 gavisus
272 626 374 673 est;
418 628 465 664 et
502 617 664 663 statim
703 634 968 682 exurgenS,
1008 618 1067 665 ad
1102 637 1212 666 eum
1248 623 1476 685 perrexit.

55 696 228 743 Mutuo
261 706 419 743 autem
455 713 502 743 se
532 695 772 753 videntes,
808 714 909 760 prae
937 696 1111 762 gaudio
1136 698 1372 746 fleverunt
1384 720 1396 757 3
1431 711 1479 748 et

55 775 103 821 in
134 774 431 840 amplexibus
460 775 555 821 suis
584 774 850 823 diutissime
873 776 1076 837 morati,
1103 777 1308 825 invicem
1331 797 1379 825 se
1404 779 1478 825 la-

52 854 229 919 crymis
261 853 561 901 infuderunt.
588 853 769 902 Deinde
793 855 936 901 tantis
964 854 1097 902 verbi
1131 856 1214 903 Dei
1245 857 1477 921 praedica-

54 931 239 980 toribus
263 950 370 997 pars
393 933 595 979 maxima
621 932 917 998 populorum
939 933 1167 993 credidit,
1193 952 1281 983 nec
1305 936 1370 982 eis
1396 954 1478 983 ve-

51 1028 159 1057 sana
196 1011 368 1058 concio
400 1010 681 1058 Judaeorum
719 1011 794 1058 vel
823 1012 1041 1076 gentium
1073 1013 1228 1077 palam
1260 1014 1479 1062 resistere

50 1086 236 1150 potuit,
262 1087 438 1153 quibus
462 1086 803 1134 abundantiam
829 1089 976 1136 totius
999 1089 1244 1153 sapientiae
1269 1091 1477 1156 Spiritus

51 1166 201 1213 almus
224 1166 474 1213 affluenter
498 1166 693 1212 infudit.

115 1242 494 1291 Innumerabiles
517 1243 684 1308 populi
711 1243 828 1290 dum
851 1254 1204 1292 convertuntur
1227 1244 1284 1292 ad
1306 1247 1478 1294 Domi—

50 1339 169 1369 num
187 1340 274 1387 per
289 1323 417 1369 Petri
437 1321 831 1386 praedicationem
846 1358 858 1379 ,
879 1324 1083 1388 contigit
1097 1324 1242 1370 etiam
1260 1326 1476 1372 converti

48 1398 236 1446 Libiam
277 1400 484 1447 Neronis
525 1417 753 1458 uxorem,
800 1411 848 1448 et
888 1401 1205 1466 Agrippinam
1252 1401 1477 1468 Agrippae

48 1478 265 1544 praefecti
285 1480 563 1544 conjugem3
592 1479 654 1525 ita
679 1489 733 1526 ut
757 1497 782 1526 a
807 1479 954 1528 latere
979 1496 1178 1528 suorum
1202 1499 1250 1529 se
1272 1482 1477 1529 marito-

48 1574 158 1603 rum
186 1556 457 1614 auferrent,
485 1567 532 1604 et
557 1556 801 1622 pudicitiae
832 1575 924 1623 pro
957 1559 1127 1606 aeterni
1159 1559 1283 1624 regis
1314 1577 1477 1608 amore

48 1635 313 1684 studerent.

113 1714 286 1761 Paulus
305 1731 501 1780 quoque
518 1715 776 1780 multiplici
796 1716 944 1781 gratia
965 1715 1262 1781 resplenduit
1274 1754 1286 1777 ‚
1304 1727 1352 1764 et
1366 1716 1474 1765 orbi

48 1808 251 1840 romano
279 1792 424 1856 signis
447 1803 494 1840 et
512 1792 744 1858 prodigiis
770 1804 817 1840 et
840 1793 1060 1841 doctrina
1078 1794 1256 1852 multa,
1284 1793 1477 1841 mirabi-

49 1869 177 1934 lique
202 1870 452 1917 sanctitate
477 1869 734 1917 admodum
766 1872 983 1920 innotuit
1008 1872 1103 1935 (1).
1131 1872 1282 1918 Extra
1304 1871 1475 1919 urbem

48 1946 246 1994 hortum
270 1946 519 2011 publicum
543 1947 631 1994 sibi
662 1948 919 2011 conduxit,
952 1948 1115 2014 ibique
1144 1967 1254 1996 cum
1276 1951 1401 1996 Luca
1428 1961 1475 1997 et

49 2026 186 2083 Tito,
215 2024 412 2091 aliisque
437 2025 657 2073 fidelibus
682 2027 740 2074 de
762 2026 913 2074 verbo
932 2028 1045 2074 vitae
1072 2029 1310 2074 tractavit.
1340 2030 1475 2075 Inte—

47 2120 124 2150 rea
148 2104 298 2167 coepit
323 2104 575 2150 maximam
604 2104 965 2152 multitudinem
994 2105 1243 2170 colligere,
1273 2106 1474 2170 Deoque

42 2182 237 2244 juvante
251 2219 264 2239 ‚
283 2181 390 2229 fidei
408 2200 494 2247 per
510 2200 620 2230 eum
636 2183 982 2248 adjiciebantur
1000 2184 1166 2232 multae
1184 2185 1385 2241 animan
1411 2185 1473 2231 ita

51 2393 140 2428 Item
162 2394 207 2429 ‹Ic
231 2397 403 2441 passione
429 2396 475 2431 D.
499 2396 612 2431 Pauli
627 2397 774 2432 libellus
792 2399 899 2433 aller.
921 2399 1036 2434 Notrc
1053 2406 1186 2435 auteur
1205 2400 1261 2434 n’a
1280 2400 1343 2434 sair
1364 2412 1473 2446 usage

49 2452 138 2488 daus
156 2466 221 2489 son
246 2456 336 2491 recit
362 2469 434 2504 quc
461 2456 506 2491 dc
531 2464 626 2492 cetu·
646 2457 814 2494 derniere
835 2460 963 2506 partie.
981 2461 1126 2508 (Voyez
1147 2460 1376 2496 Bibliotheca
1401 2461 1471 2494 Pa-

51 2519 145 2548 trum
160 2519 343 2559 maxima,
360 2524 384 2551 t.
407 2529 428 2551 ιι
443 2546 452 2559 ‚
474 2530 509 2564 p.
536 2518 649 2566 1-(37.)

94 2575 145 2621 (ι)
170 2577 200 2610 Α
218 2577 388 2623 partirde
404 2584 498 2612 cette
514 2578 658 2625 plu-asc,
678 2579 709 2613 le
727 2581 954 2627 paragraph<=
966 2587 1021 2615 est
1031 2584 1227 2628 enipi-unte.
1241 2584 1258 2615 ἐι
1273 2581 1303 2616 la
1320 2580 1473 2627 legende·

50 2631 138 2667 dont
162 2647 254 2671 nous
275 2649 409 2672 venons
426 2638 471 2672 de
489 2639 580 2673 citer
598 2638 631 2673 le
651 2639 747 2673 titre.
776 2640 822 2673 Le
841 2640 1070 2688 paragrapho
1095 2641 1290 2688 precedent
1315 2640 1398 2674 ‹²tait
1425 2652 1468 2672 an

51 2693 243 2735 contraire,
260 2696 349 2732 ainsi
363 2710 435 2745 que
449 2697 690 2739 tessun-auis,
713 2699 843 2734 extruit
857 2699 902 2734 dc
917 2699 948 2735 la
969 2699 1123 2736 relation
1138 2700 1318 2736 attribuet}
1339 2701 1355 2733 31
1376 2698 1469 2733 saint

52 2752 197 2788 Marcel.
