<?xml version="1.0" encoding="UTF-8"?>
<!DOCTYPE html PUBLIC "-//W3C//DTD XHTML 1.0 Transitional//EN"
    "http://www.w3.org/TR/xhtml1/DTD/xhtml1-transitional.dtd">
<html xmlns="http://www.w3.org/1999/xhtml" xml:lang="en" lang="en">
 <head>
  <title>
</title>
<meta http-equiv="Content-Type" content="text/html;charset=utf-8" />
  <meta name='ocr-system' content='tesseract 3.04.00' />
  <meta name='ocr-capabilities' content='ocr_page ocr_carea ocr_par ocr_line ocrx_word'/>
</head>
<body>
  <div class='ocr_page' id='page_1' title='image "./ordericivitalish01ordeuoft_0121.png"; bbox 0 0 1738 3043; ppageno 0'>
   <div class='ocr_carea' id='block_1_1' title="bbox 591 203 1509 245">
    <p class='ocr_par' dir='ltr' id='par_1_1' title="bbox 591 203 1509 245">
     <span class='ocr_line' id='line_1_1' title="bbox 591 203 1509 245; baseline -0.002 -1"><span class='ocrx_word' id='word_1_1' title='bbox 591 205 747 245; x_wconf 80' lang='lat' dir='ltr'>LIBER</span> <span class='ocrx_word' id='word_1_2' title='bbox 777 203 985 243; x_wconf 83' lang='lat' dir='ltr'>PRIMUS.</span> <span class='ocrx_word' id='word_1_3' title='bbox 1433 204 1509 242; x_wconf 79' lang='lat'>105</span> 
     </span>
    </p>
   </div>
   <div class='ocr_carea' id='block_1_2' title="bbox 81 282 1520 1833">
    <p class='ocr_par' dir='ltr' id='par_1_2' title="bbox 82 282 1510 896">
     <span class='ocr_line' id='line_1_2' title="bbox 151 282 1504 352; baseline -0.006 -14"><span class='ocrx_word' id='word_1_4' title='bbox 151 290 426 339; x_wconf 82' lang='lat' dir='ltr'>Antoninus</span> <span class='ocrx_word' id='word_1_5' title='bbox 480 295 804 352; x_wconf 81' lang='lat' dir='ltr'>cognomento</span> <span class='ocrx_word' id='word_1_6' title='bbox 846 285 1105 341; x_wconf 84' lang='lat' dir='ltr'>Caracalla,</span> <span class='ocrx_word' id='word_1_7' title='bbox 1147 283 1306 330; x_wconf 86' lang='lat' dir='ltr'>Severi</span> <span class='ocrx_word' id='word_1_8' title='bbox 1351 282 1475 330; x_wconf 84' lang='lat' dir='ltr'>filius</span> <span class='ocrx_word' id='word_1_9' title='bbox 1492 319 1504 339; x_wconf 91' lang='lat'><strong><em>,</em></strong></span> 
     </span>
     <span class='ocr_line' id='line_1_3' title="bbox 83 360 1508 427; baseline -0.008 -11"><span class='ocrx_word' id='word_1_10' title='bbox 83 369 219 415; x_wconf 87' lang='lat' dir='ltr'>annis</span> <span class='ocrx_word' id='word_1_11' title='bbox 272 384 359 414; x_wconf 82' lang='lat' dir='ltr'>vn.</span> <span class='ocrx_word' id='word_1_12' title='bbox 412 362 681 411; x_wconf 79' lang='lat' dir='ltr'>Alexander</span> <span class='ocrx_word' id='word_1_13' title='bbox 718 362 964 427; x_wconf 86' lang='lat' dir='ltr'>episcopus</span> <span class='ocrx_word' id='word_1_14' title='bbox 1008 360 1315 426; x_wconf 75' lang='lat' dir='ltr'>Cappadociae</span> <span class='ocrx_word' id='word_1_15' title='bbox 1334 395 1348 417; x_wconf 90' lang='lat'><em>‚</em></span> <span class='ocrx_word' id='word_1_16' title='bbox 1397 375 1508 405; x_wconf 87' lang='lat' dir='ltr'>cum</span> 
     </span>
     <span class='ocr_line' id='line_1_4' title="bbox 83 439 1505 504; baseline -0.006 -13"><span class='ocrx_word' id='word_1_17' title='bbox 83 457 360 494; x_wconf 85' lang='lat' dir='ltr'>sanctorum</span> <span class='ocrx_word' id='word_1_18' title='bbox 393 441 624 491; x_wconf 80' lang='lat' dir='ltr'>desiderio</span> <span class='ocrx_word' id='word_1_19' title='bbox 653 441 870 488; x_wconf 86' lang='lat' dir='ltr'>locorum</span> <span class='ocrx_word' id='word_1_20' title='bbox 894 439 1239 504; x_wconf 83' lang='lat' dir='ltr'>Jerosolymam</span> <span class='ocrx_word' id='word_1_21' title='bbox 1275 439 1505 495; x_wconf 88' lang='lat' dir='ltr'>venisset,</span> 
     </span>
     <span class='ocr_line' id='line_1_5' title="bbox 82 517 1510 584; baseline -0.005 -14"><span class='ocrx_word' id='word_1_22' title='bbox 82 525 274 571; x_wconf 86' lang='lat' dir='ltr'>vivente</span> <span class='ocrx_word' id='word_1_23' title='bbox 291 521 442 569; x_wconf 88' lang='lat' dir='ltr'>adhuc</span> <span class='ocrx_word' id='word_1_24' title='bbox 459 521 676 567; x_wconf 84' lang='lat' dir='ltr'>Narcisso</span> <span class='ocrx_word' id='word_1_25' title='bbox 698 518 906 584; x_wconf 86' lang='lat' dir='ltr'>ejusdem</span> <span class='ocrx_word' id='word_1_26' title='bbox 928 517 1061 564; x_wconf 79' lang='lat' dir='ltr'>urbis</span> <span class='ocrx_word' id='word_1_27' title='bbox 1080 518 1302 583; x_wconf 90' lang='lat' dir='ltr'>episcopo</span> <span class='ocrx_word' id='word_1_28' title='bbox 1313 555 1327 578; x_wconf 92' lang='lat'><em>‚</em></span> <span class='ocrx_word' id='word_1_29' title='bbox 1345 533 1510 583; x_wconf 84' lang='lat' dir='ltr'>perse-</span> 
     </span>
     <span class='ocr_line' id='line_1_6' title="bbox 83 596 1509 663; baseline -0.006 -15"><span class='ocrx_word' id='word_1_30' title='bbox 83 601 195 648; x_wconf 83' lang='lat' dir='ltr'>nilis</span> <span class='ocrx_word' id='word_1_31' title='bbox 219 601 370 647; x_wconf 86' lang='lat' dir='ltr'>aetatis</span> <span class='ocrx_word' id='word_1_32' title='bbox 408 600 542 656; x_wconf 87' lang='lat' dir='ltr'>viro,</span> <span class='ocrx_word' id='word_1_33' title='bbox 574 599 670 663; x_wconf 86' lang='lat' dir='ltr'>ipse</span> <span class='ocrx_word' id='word_1_34' title='bbox 709 597 772 643; x_wconf 89' lang='lat' dir='ltr'>ibi</span> <span class='ocrx_word' id='word_1_35' title='bbox 807 597 1059 644; x_wconf 86' lang='lat' dir='ltr'>ordinatur</span> <span class='ocrx_word' id='word_1_36' title='bbox 1097 596 1372 660; x_wconf 88' lang='lat' dir='ltr'>episcopus,</span> <span class='ocrx_word' id='word_1_37' title='bbox 1406 597 1509 642; x_wconf 85' lang='lat' dir='ltr'>Do—</span> 
     </span>
     <span class='ocr_line' id='line_1_7' title="bbox 82 675 1505 741; baseline -0.004 -15"><span class='ocrx_word' id='word_1_38' title='bbox 82 680 245 737; x_wconf 89' lang='lat' dir='ltr'>mino,</span> <span class='ocrx_word' id='word_1_39' title='bbox 275 690 330 725; x_wconf 89' lang='lat' dir='ltr'>ut</span> <span class='ocrx_word' id='word_1_40' title='bbox 351 678 396 725; x_wconf 93' lang='lat' dir='ltr'>id</span> <span class='ocrx_word' id='word_1_41' title='bbox 415 678 516 725; x_wconf 87' lang='lat' dir='ltr'>fieri</span> <span class='ocrx_word' id='word_1_42' title='bbox 544 676 739 724; x_wconf 80' lang='lat' dir='ltr'><strong>deberet</strong></span> <span class='ocrx_word' id='word_1_43' title='bbox 757 712 770 736; x_wconf 92' lang='lat'>‚</span> <span class='ocrx_word' id='word_1_44' title='bbox 796 693 882 741; x_wconf 86' lang='lat' dir='ltr'>per</span> <span class='ocrx_word' id='word_1_45' title='bbox 900 675 1239 722; x_wconf 83' lang='lat' dir='ltr'>revelationem</span> <span class='ocrx_word' id='word_1_46' title='bbox 1260 684 1505 722; x_wconf 85' lang='lat' dir='ltr'>monente.</span> 
     </span>
     <span class='ocr_line' id='line_1_8' title="bbox 83 751 1510 819; baseline -0.005 -15"><span class='ocrx_word' id='word_1_47' title='bbox 83 757 408 805; x_wconf 86' lang='lat' dir='ltr'>Tertullianus</span> <span class='ocrx_word' id='word_1_48' title='bbox 430 756 544 804; x_wconf 86' lang='lat' dir='ltr'>Afer</span> <span class='ocrx_word' id='word_1_49' title='bbox 563 755 859 803; x_wconf 79' lang='lat' dir='ltr'>centurionis</span> <span class='ocrx_word' id='word_1_50' title='bbox 877 753 1233 819; x_wconf 85' lang='lat' dir='ltr'>proconsularis</span> <span class='ocrx_word' id='word_1_51' title='bbox 1257 751 1381 798; x_wconf 88' lang='lat' dir='ltr'>filius</span> <span class='ocrx_word' id='word_1_52' title='bbox 1405 769 1510 800; x_wconf 89' lang='lat' dir='ltr'>om-</span> 
     </span>
     <span class='ocr_line' id='line_1_9' title="bbox 82 832 1181 896; baseline -0.005 -14"><span class='ocrx_word' id='word_1_53' title='bbox 82 836 216 882; x_wconf 91' lang='lat' dir='ltr'>nium</span> <span class='ocrx_word' id='word_1_54' title='bbox 237 835 541 882; x_wconf 87' lang='lat' dir='ltr'>ecclesiarum</span> <span class='ocrx_word' id='word_1_55' title='bbox 558 852 777 883; x_wconf 83' lang='lat' dir='ltr'>sermone</span> <span class='ocrx_word' id='word_1_56' title='bbox 801 833 1068 881; x_wconf 89' lang='lat' dir='ltr'>celebratur</span> <span class='ocrx_word' id='word_1_57' title='bbox 1088 832 1181 896; x_wconf 85' lang='lat'>(1).</span> 
     </span>
    </p>

    <p class='ocr_par' dir='ltr' id='par_1_3' title="bbox 81 906 1520 1132">
     <span class='ocr_line' id='line_1_10' title="bbox 144 906 1510 977; baseline -0.005 -17"><span class='ocrx_word' id='word_1_58' title='bbox 144 913 387 960; x_wconf 83' lang='lat' dir='ltr'>Macrinus</span> <span class='ocrx_word' id='word_1_59' title='bbox 417 929 546 960; x_wconf 84' lang='lat' dir='ltr'>anno</span> <span class='ocrx_word' id='word_1_60' title='bbox 575 929 674 960; x_wconf 94' lang='lat' dir='ltr'>uno</span> <span class='ocrx_word' id='word_1_61' title='bbox 706 911 945 977; x_wconf 78' lang='lat' dir='ltr'>regnavit,</span> <span class='ocrx_word' id='word_1_62' title='bbox 976 921 1023 957; x_wconf 87' lang='lat' dir='ltr'>et</span> <span class='ocrx_word' id='word_1_63' title='bbox 1055 927 1165 957; x_wconf 90' lang='lat' dir='ltr'>cum</span> <span class='ocrx_word' id='word_1_64' title='bbox 1191 908 1292 956; x_wconf 87' lang='lat' dir='ltr'>filio</span> <span class='ocrx_word' id='word_1_65' title='bbox 1324 906 1510 954; x_wconf 88' lang='lat' dir='ltr'>Diadu-</span> 
     </span>
     <span class='ocr_line' id='line_1_11' title="bbox 81 986 1510 1057; baseline -0.004 -18"><span class='ocrx_word' id='word_1_66' title='bbox 81 1009 253 1052; x_wconf 88' lang='lat' dir='ltr'>meno,</span> <span class='ocrx_word' id='word_1_67' title='bbox 275 1010 385 1038; x_wconf 90' lang='lat' dir='ltr'>cum</span> <span class='ocrx_word' id='word_1_68' title='bbox 409 1009 507 1057; x_wconf 85' lang='lat' dir='ltr'>quo</span> <span class='ocrx_word' id='word_1_69' title='bbox 534 991 790 1056; x_wconf 89' lang='lat' dir='ltr'>imperium</span> <span class='ocrx_word' id='word_1_70' title='bbox 816 990 987 1037; x_wconf 86' lang='lat' dir='ltr'>invasit</span> <span class='ocrx_word' id='word_1_71' title='bbox 1002 1025 1015 1047; x_wconf 91' lang='lat'><em>‚</em></span> <span class='ocrx_word' id='word_1_72' title='bbox 1042 987 1167 1053; x_wconf 88' lang='lat' dir='ltr'>apud</span> <span class='ocrx_word' id='word_1_73' title='bbox 1190 986 1510 1034; x_wconf 89' lang='lat' dir='ltr'>Archilaidem</span> 
     </span>
     <span class='ocr_line' id='line_1_12' title="bbox 81 1066 1520 1132; baseline -0.001 -17"><span class='ocrx_word' id='word_1_74' title='bbox 81 1069 275 1116; x_wconf 89' lang='lat' dir='ltr'>militari</span> <span class='ocrx_word' id='word_1_75' title='bbox 302 1069 514 1116; x_wconf 83' lang='lat' dir='ltr'>tumultu</span> <span class='ocrx_word' id='word_1_76' title='bbox 541 1069 778 1118; x_wconf 85' lang='lat' dir='ltr'>occiditur</span> <span class='ocrx_word' id='word_1_77' title='bbox 795 1069 888 1132; x_wconf 83' lang='lat'>(2).</span> <span class='ocrx_word' id='word_1_78' title='bbox 1518 1066 1520 1069; x_wconf 61' lang='grc'>’</span> 
     </span>
    </p>

    <p class='ocr_par' dir='ltr' id='par_1_4' title="bbox 82 1141 1514 1833">
     <span class='ocr_line' id='line_1_13' title="bbox 146 1141 1511 1207; baseline -0.006 -13"><span class='ocrx_word' id='word_1_79' title='bbox 146 1148 334 1194; x_wconf 86' lang='lat' dir='ltr'>Marcus</span> <span class='ocrx_word' id='word_1_80' title='bbox 358 1146 579 1194; x_wconf 86' lang='lat' dir='ltr'>Aurelius</span> <span class='ocrx_word' id='word_1_81' title='bbox 602 1146 878 1193; x_wconf 87' lang='lat' dir='ltr'>Antoninus</span> <span class='ocrx_word' id='word_1_82' title='bbox 903 1145 1040 1191; x_wconf 83' lang='lat' dir='ltr'>annis</span> <span class='ocrx_word' id='word_1_83' title='bbox 1065 1160 1132 1190; x_wconf 83' lang='lat' dir='ltr'>lv.</span> <span class='ocrx_word' id='word_1_84' title='bbox 1156 1144 1237 1207; x_wconf 89' lang='lat' dir='ltr'>[In</span> <span class='ocrx_word' id='word_1_85' title='bbox 1264 1141 1511 1188; x_wconf 83' lang='lat' dir='ltr'>Palaestina</span> 
     </span>
     <span class='ocr_line' id='line_1_14' title="bbox 83 1218 1510 1290; baseline -0.005 -19"><span class='ocrx_word' id='word_1_86' title='bbox 83 1224 358 1289; x_wconf 86' lang='lat' dir='ltr'>Nicopolis,</span> <span class='ocrx_word' id='word_1_87' title='bbox 385 1242 495 1290; x_wconf 79' lang='lat' dir='ltr'>quae</span> <span class='ocrx_word' id='word_1_88' title='bbox 522 1226 652 1289; x_wconf 82' lang='lat' dir='ltr'>prius</span> <span class='ocrx_word' id='word_1_89' title='bbox 680 1225 905 1270; x_wconf 83' lang='lat' dir='ltr'>Emmaus</span> <span class='ocrx_word' id='word_1_90' title='bbox 934 1220 1219 1277; x_wconf 71' lang='lat' dir='ltr'>vocabatur,</span> <span class='ocrx_word' id='word_1_91' title='bbox 1255 1218 1370 1266; x_wconf 88' lang='lat' dir='ltr'>urbs</span> <span class='ocrx_word' id='word_1_92' title='bbox 1396 1236 1510 1266; x_wconf 91' lang='lat' dir='ltr'>con-</span> 
     </span>
     <span class='ocr_line' id='line_1_15' title="bbox 82 1295 1511 1366; baseline -0.003 -18"><span class='ocrx_word' id='word_1_93' title='bbox 82 1301 178 1348; x_wconf 81' lang='lat' dir='ltr'>dita</span> <span class='ocrx_word' id='word_1_94' title='bbox 204 1311 298 1358; x_wconf 87' lang='lat' dir='ltr'>est;</span> <span class='ocrx_word' id='word_1_95' title='bbox 327 1300 574 1366; x_wconf 80' lang='lat' dir='ltr'>legationis</span> <span class='ocrx_word' id='word_1_96' title='bbox 597 1300 878 1347; x_wconf 87' lang='lat' dir='ltr'>industriam</span> <span class='ocrx_word' id='word_1_97' title='bbox 897 1316 986 1364; x_wconf 89' lang='lat' dir='ltr'>pro</span> <span class='ocrx_word' id='word_1_98' title='bbox 1005 1316 1061 1345; x_wconf 91' lang='lat' dir='ltr'>eo</span> <span class='ocrx_word' id='word_1_99' title='bbox 1080 1297 1364 1361; x_wconf 86' lang='lat' dir='ltr'>suscipiente</span> <span class='ocrx_word' id='word_1_100' title='bbox 1383 1295 1511 1343; x_wconf 91' lang='lat' dir='ltr'>Julio</span> 
     </span>
     <span class='ocr_line' id='line_1_16' title="bbox 84 1376 1511 1443; baseline -0.004 -19"><span class='ocrx_word' id='word_1_101' title='bbox 84 1379 313 1426; x_wconf 86' lang='lat' dir='ltr'>Africano</span> <span class='ocrx_word' id='word_1_102' title='bbox 330 1379 564 1443; x_wconf 82' lang='lat' dir='ltr'>scriptore</span> <span class='ocrx_word' id='word_1_103' title='bbox 579 1389 670 1426; x_wconf 90' lang='lat' dir='ltr'>tem</span> <span class='ocrx_word' id='word_1_104' title='bbox 677 1378 892 1442; x_wconf 63' lang='lat' dir='ltr'>porum]</span> <span class='ocrx_word' id='word_1_105' title='bbox 913 1378 1026 1424; x_wconf 87' lang='lat' dir='ltr'>Haec</span> <span class='ocrx_word' id='word_1_106' title='bbox 1040 1387 1109 1424; x_wconf 88' lang='lat' dir='ltr'>est</span> <span class='ocrx_word' id='word_1_107' title='bbox 1123 1376 1348 1422; x_wconf 82' lang='lat' dir='ltr'>Emmaus</span> <span class='ocrx_word' id='word_1_108' title='bbox 1367 1391 1511 1439; x_wconf 88' lang='lat' dir='ltr'>quam</span> 
     </span>
     <span class='ocr_line' id='line_1_17' title="bbox 83 1454 1510 1521; baseline -0.005 -17"><span class='ocrx_word' id='word_1_109' title='bbox 83 1458 317 1504; x_wconf 89' lang='lat' dir='ltr'>Dominus</span> <span class='ocrx_word' id='word_1_110' title='bbox 338 1467 448 1521; x_wconf 84' lang='lat' dir='ltr'>post</span> <span class='ocrx_word' id='word_1_111' title='bbox 465 1457 868 1504; x_wconf 82' lang='lat' dir='ltr'>resurrectionem</span> <span class='ocrx_word' id='word_1_112' title='bbox 887 1472 998 1512; x_wconf 88' lang='lat' dir='ltr'>suo,</span> <span class='ocrx_word' id='word_1_113' title='bbox 1021 1454 1143 1500; x_wconf 87' lang='lat' dir='ltr'>sicut</span> <span class='ocrx_word' id='word_1_114' title='bbox 1160 1455 1309 1499; x_wconf 84' lang='lat' dir='ltr'>Lucas</span> <span class='ocrx_word' id='word_1_115' title='bbox 1329 1462 1510 1509; x_wconf 84' lang='lat' dir='ltr'>narrat,</span> 
     </span>
     <span class='ocr_line' id='line_1_18' title="bbox 85 1531 1514 1601; baseline -0.004 -19"><span class='ocrx_word' id='word_1_116' title='bbox 85 1536 297 1601; x_wconf 84' lang='lat' dir='ltr'>ingressu</span> <span class='ocrx_word' id='word_1_117' title='bbox 325 1535 618 1582; x_wconf 86' lang='lat' dir='ltr'>sanctificare</span> <span class='ocrx_word' id='word_1_118' title='bbox 647 1534 868 1600; x_wconf 81' lang='lat' dir='ltr'>dignatus</span> <span class='ocrx_word' id='word_1_119' title='bbox 893 1544 978 1581; x_wconf 88' lang='lat' dir='ltr'>est.</span> <span class='ocrx_word' id='word_1_120' title='bbox 1011 1532 1302 1598; x_wconf 86' lang='lat' dir='ltr'>Hippolytus</span> <span class='ocrx_word' id='word_1_121' title='bbox 1330 1531 1514 1595; x_wconf 88' lang='lat' dir='ltr'>episco-</span> 
     </span>
     <span class='ocr_line' id='line_1_19' title="bbox 84 1611 1513 1678; baseline -0.004 -18"><span class='ocrx_word' id='word_1_122' title='bbox 84 1632 197 1678; x_wconf 88' lang='lat' dir='ltr'>pus,</span> <span class='ocrx_word' id='word_1_123' title='bbox 220 1613 485 1660; x_wconf 87' lang='lat' dir='ltr'>multorum</span> <span class='ocrx_word' id='word_1_124' title='bbox 504 1612 730 1660; x_wconf 86' lang='lat' dir='ltr'>conditor</span> <span class='ocrx_word' id='word_1_125' title='bbox 754 1611 1122 1677; x_wconf 87' lang='lat' dir='ltr'>opusculorum,</span> <span class='ocrx_word' id='word_1_126' title='bbox 1147 1622 1422 1675; x_wconf 89' lang='lat' dir='ltr'>temporum</span> <span class='ocrx_word' id='word_1_127' title='bbox 1438 1626 1513 1655; x_wconf 87' lang='lat' dir='ltr'>ca·</span> 
     </span>
     <span class='ocr_line' id='line_1_20' title="bbox 85 1687 1513 1758; baseline -0.004 -19"><span class='ocrx_word' id='word_1_128' title='bbox 85 1710 264 1741; x_wconf 86' lang='lat' dir='ltr'>nonem</span> <span class='ocrx_word' id='word_1_129' title='bbox 279 1729 292 1750; x_wconf 93' lang='lat'><strong><em>,</em></strong></span> <span class='ocrx_word' id='word_1_130' title='bbox 316 1710 459 1758; x_wconf 87' lang='lat' dir='ltr'>quem</span> <span class='ocrx_word' id='word_1_131' title='bbox 478 1692 692 1757; x_wconf 89' lang='lat' dir='ltr'>scripsit,</span> <span class='ocrx_word' id='word_1_132' title='bbox 712 1690 804 1738; x_wconf 91' lang='lat' dir='ltr'>huc</span> <span class='ocrx_word' id='word_1_133' title='bbox 824 1709 973 1756; x_wconf 87' lang='lat' dir='ltr'>usque</span> <span class='ocrx_word' id='word_1_134' title='bbox 990 1689 1231 1755; x_wconf 81' lang='lat' dir='ltr'>perduxit.</span> <span class='ocrx_word' id='word_1_135' title='bbox 1256 1688 1349 1749; x_wconf 86' lang='lat' dir='ltr'>Qui</span> <span class='ocrx_word' id='word_1_136' title='bbox 1370 1687 1513 1735; x_wconf 85' lang='lat' dir='ltr'>etiam</span> 
     </span>
     <span class='ocr_line' id='line_1_21' title="bbox 85 1767 1514 1833; baseline -0.003 -16"><span class='ocrx_word' id='word_1_137' title='bbox 85 1789 158 1828; x_wconf 78' lang='lat' dir='ltr'>se,</span> <span class='ocrx_word' id='word_1_138' title='bbox 188 1770 558 1818; x_wconf 67' lang='lat' dir='ltr'>decennovalem</span> <span class='ocrx_word' id='word_1_139' title='bbox 586 1769 775 1818; x_wconf 81' lang='lat' dir='ltr'>Paschae</span> <span class='ocrx_word' id='word_1_140' title='bbox 804 1769 1040 1816; x_wconf 90' lang='lat' dir='ltr'>circulum</span> <span class='ocrx_word' id='word_1_141' title='bbox 1067 1768 1336 1833; x_wconf 84' lang='lat' dir='ltr'>1·eperienS‚</span> <span class='ocrx_word' id='word_1_142' title='bbox 1367 1767 1514 1813; x_wconf 83' lang='lat' dir='ltr'>Euse-</span> 
     </span>
    </p>
   </div>
   <div class='ocr_carea' id='block_1_3' title="bbox 89 1955 1518 2779">
    <p class='ocr_par' dir='ltr' id='par_1_5' title="bbox 89 1955 1518 2356">
     <span class='ocr_line' id='line_1_22' title="bbox 89 1955 1514 2008; baseline -0.004 -14"><span class='ocrx_word' id='word_1_143' title='bbox 89 1960 206 2007; x_wconf 84' lang='lat' dir='ltr'>parait</span> <span class='ocrx_word' id='word_1_144' title='bbox 225 1959 313 2008; x_wconf 84' lang='lat' dir='ltr'>qu&#39;il</span> <span class='ocrx_word' id='word_1_145' title='bbox 328 1961 440 1994; x_wconf 86' lang='lat' dir='ltr'>existe</span> <span class='ocrx_word' id='word_1_146' title='bbox 459 1960 505 1994; x_wconf 83' lang='lat' dir='ltr'>ici</span> <span class='ocrx_word' id='word_1_147' title='bbox 523 1972 596 1994; x_wconf 88' lang='lat' dir='ltr'>une</span> <span class='ocrx_word' id='word_1_148' title='bbox 616 1959 744 1994; x_wconf 88' lang='lat' dir='ltr'>lacune</span> <span class='ocrx_word' id='word_1_149' title='bbox 763 1959 852 1993; x_wconf 89' lang='lat' dir='ltr'>dans</span> <span class='ocrx_word' id='word_1_150' title='bbox 867 1958 901 1993; x_wconf 86' lang='lat' dir='ltr'>le</span> <span class='ocrx_word' id='word_1_151' title='bbox 916 1970 1065 2005; x_wconf 78' lang='lat' dir='ltr'>passage</span> <span class='ocrx_word' id='word_1_152' title='bbox 1083 1957 1128 1991; x_wconf 88' lang='lat' dir='ltr'>de</span> <span class='ocrx_word' id='word_1_153' title='bbox 1142 1956 1237 1991; x_wconf 85' lang='lat' dir='ltr'>saint</span> <span class='ocrx_word' id='word_1_154' title='bbox 1248 1955 1394 1991; x_wconf 73' lang='lat' dir='ltr'>Jerome</span> <span class='ocrx_word' id='word_1_155' title='bbox 1412 1961 1514 1989; x_wconf 82' lang='lat' dir='ltr'>tran-</span> 
     </span>
     <span class='ocr_line' id='line_1_23' title="bbox 90 2014 1515 2066; baseline -0.004 -14"><span class='ocrx_word' id='word_1_156' title='bbox 90 2019 177 2053; x_wconf 82' lang='lat' dir='ltr'>scrit</span> <span class='ocrx_word' id='word_1_157' title='bbox 193 2031 258 2065; x_wconf 83' lang='lat' dir='ltr'>par</span> <span class='ocrx_word' id='word_1_158' title='bbox 273 2030 337 2053; x_wconf 83' lang='lat' dir='ltr'>nos</span> <span class='ocrx_word' id='word_1_159' title='bbox 352 2017 446 2052; x_wconf 86' lang='lat' dir='ltr'>deux</span> <span class='ocrx_word' id='word_1_160' title='bbox 464 2025 611 2052; x_wconf 82' lang='lat' dir='ltr'>auteurs</span> <span class='ocrx_word' id='word_1_161' title='bbox 623 2046 630 2060; x_wconf 87' lang='lat'><strong>‚</strong></span> <span class='ocrx_word' id='word_1_162' title='bbox 651 2024 687 2053; x_wconf 84' lang='lat' dir='ltr'>et</span> <span class='ocrx_word' id='word_1_163' title='bbox 705 2018 816 2066; x_wconf 89' lang='lat' dir='ltr'>qu&#39;on</span> <span class='ocrx_word' id='word_1_164' title='bbox 830 2016 908 2051; x_wconf 85' lang='lat' dir='ltr'>doit</span> <span class='ocrx_word' id='word_1_165' title='bbox 922 2016 954 2050; x_wconf 90' lang='lat' dir='ltr'>le</span> <span class='ocrx_word' id='word_1_166' title='bbox 969 2016 1141 2050; x_wconf 73' lang='lat' dir='ltr'>restituer</span> <span class='ocrx_word' id='word_1_167' title='bbox 1159 2014 1250 2048; x_wconf 86' lang='lat' dir='ltr'>ainsi</span> <span class='ocrx_word' id='word_1_168' title='bbox 1269 2029 1275 2047; x_wconf 72' lang='grc' dir='ltr'>ε</span> <span class='ocrx_word' id='word_1_169' title='bbox 1294 2014 1515 2060; x_wconf 70' lang='lat' dir='ltr'>Polycrates</span> 
     </span>
     <span class='ocr_line' id='line_1_24' title="bbox 89 2074 1515 2126; baseline -0.003 -14"><span class='ocrx_word' id='word_1_170' title='bbox 89 2091 232 2126; x_wconf 80' lang='lat' dir='ltr'>quoque</span> <span class='ocrx_word' id='word_1_171' title='bbox 253 2079 409 2113; x_wconf 73' lang='lat' dir='ltr'>Asianoe</span> <span class='ocrx_word' id='word_1_172' title='bbox 425 2081 625 2125; x_wconf 69' lang='lat' dir='ltr'>prrwincice</span> <span class='ocrx_word' id='word_1_173' title='bbox 644 2084 678 2111; x_wconf 75' lang='lat' dir='ltr'>et</span> <span class='ocrx_word' id='word_1_174' title='bbox 698 2077 914 2125; x_wconf 75' lang='lat' dir='ltr'>Bacchylus</span> <span class='ocrx_word' id='word_1_175' title='bbox 935 2075 1218 2111; x_wconf 84' lang='lat' dir='ltr'>Corinthiorum</span> <span class='ocrx_word' id='word_1_176' title='bbox 1242 2076 1443 2120; x_wconf 76' lang='lat' dir='ltr'>episcopus.</span> <span class='ocrx_word' id='word_1_177' title='bbox 1466 2074 1515 2108; x_wconf 87' lang='lat' dir='ltr'>La</span> 
     </span>
     <span class='ocr_line' id='line_1_25' title="bbox 89 2133 1515 2184; baseline -0.004 -11"><span class='ocrx_word' id='word_1_178' title='bbox 89 2137 223 2173; x_wconf 66' lang='lat' dir='ltr'>defaite</span> <span class='ocrx_word' id='word_1_179' title='bbox 240 2138 389 2174; x_wconf 86' lang='lat' dir='ltr'>d&#39;Albin</span> <span class='ocrx_word' id='word_1_180' title='bbox 407 2137 497 2172; x_wconf 86' lang='lat' dir='ltr'>dans</span> <span class='ocrx_word' id='word_1_181' title='bbox 512 2138 562 2173; x_wconf 92' lang='lat' dir='ltr'>les</span> <span class='ocrx_word' id='word_1_182' title='bbox 576 2137 714 2184; x_wconf 79' lang='lat' dir='ltr'>plaines</span> <span class='ocrx_word' id='word_1_183' title='bbox 730 2137 775 2171; x_wconf 92' lang='lat' dir='ltr'>de</span> <span class='ocrx_word' id='word_1_184' title='bbox 793 2137 962 2171; x_wconf 75' lang='lat' dir='ltr'>Trevoux</span> <span class='ocrx_word' id='word_1_185' title='bbox 980 2143 1034 2169; x_wconf 83' lang='lat' dir='ltr'>cst</span> <span class='ocrx_word' id='word_1_186' title='bbox 1054 2135 1103 2169; x_wconf 90' lang='lat' dir='ltr'>du</span> <span class='ocrx_word' id='word_1_187' title='bbox 1126 2147 1166 2182; x_wconf 76' lang='lat'>¹9</span> <span class='ocrx_word' id='word_1_188' title='bbox 1181 2135 1313 2169; x_wconf 69' lang='lat' dir='ltr'>sevrier</span> <span class='ocrx_word' id='word_1_189' title='bbox 1334 2146 1410 2181; x_wconf 83' lang='lat'>197,</span> <span class='ocrx_word' id='word_1_190' title='bbox 1428 2133 1515 2168; x_wconf 82' lang='lat' dir='ltr'>l’ex-</span> 
     </span>
     <span class='ocr_line' id='line_1_26' title="bbox 90 2189 1516 2241; baseline -0.004 -12"><span class='ocrx_word' id='word_1_191' title='bbox 90 2193 256 2241; x_wconf 66' lang='lat' dir='ltr'>pedition</span> <span class='ocrx_word' id='word_1_192' title='bbox 277 2193 322 2228; x_wconf 90' lang='lat' dir='ltr'>de</span> <span class='ocrx_word' id='word_1_193' title='bbox 341 2194 655 2240; x_wconf 68' lang='lat' dir='ltr'>Septimo-Severe</span> <span class='ocrx_word' id='word_1_194' title='bbox 673 2193 762 2228; x_wconf 89' lang='lat' dir='ltr'>dans</span> <span class='ocrx_word' id='word_1_195' title='bbox 780 2193 811 2227; x_wconf 87' lang='lat' dir='ltr'>la</span> <span class='ocrx_word' id='word_1_196' title='bbox 826 2192 1180 2237; x_wconf 82' lang='lat' dir='ltr'>Grande-Bretagne</span> <span class='ocrx_word' id='word_1_197' title='bbox 1198 2190 1243 2225; x_wconf 85' lang='lat' dir='ltr'>de</span> <span class='ocrx_word' id='word_1_198' title='bbox 1265 2190 1332 2226; x_wconf 78' lang='lat'>208</span> <span class='ocrx_word' id='word_1_199' title='bbox 1345 2218 1353 2232; x_wconf 93' lang='lat'>‚</span> <span class='ocrx_word' id='word_1_200' title='bbox 1376 2189 1409 2224; x_wconf 88' lang='lat' dir='ltr'>la</span> <span class='ocrx_word' id='word_1_201' title='bbox 1427 2202 1516 2224; x_wconf 92' lang='lat' dir='ltr'>con-</span> 
     </span>
     <span class='ocr_line' id='line_1_27' title="bbox 90 2250 1518 2299; baseline -0.003 -11"><span class='ocrx_word' id='word_1_202' title='bbox 90 2254 271 2289; x_wconf 80' lang='lat' dir='ltr'>struction</span> <span class='ocrx_word' id='word_1_203' title='bbox 296 2252 343 2288; x_wconf 88' lang='lat' dir='ltr'>de</span> <span class='ocrx_word' id='word_1_204' title='bbox 363 2252 395 2288; x_wconf 86' lang='lat' dir='ltr'>la</span> <span class='ocrx_word' id='word_1_205' title='bbox 422 2253 560 2299; x_wconf 76' lang='lat' dir='ltr'>grande</span> <span class='ocrx_word' id='word_1_206' title='bbox 585 2252 752 2288; x_wconf 84' lang='lat' dir='ltr'>muraille</span> <span class='ocrx_word' id='word_1_207' title='bbox 771 2252 817 2288; x_wconf 92' lang='lat' dir='ltr'>de</span> <span class='ocrx_word' id='word_1_208' title='bbox 839 2264 929 2295; x_wconf 79' lang='lat'>210,</span> <span class='ocrx_word' id='word_1_209' title='bbox 960 2259 996 2287; x_wconf 90' lang='lat' dir='ltr'>et</span> <span class='ocrx_word' id='word_1_210' title='bbox 1023 2251 1054 2286; x_wconf 89' lang='lat' dir='ltr'>la</span> <span class='ocrx_word' id='word_1_211' title='bbox 1084 2258 1183 2286; x_wconf 84' lang='lat' dir='ltr'>mort</span> <span class='ocrx_word' id='word_1_212' title='bbox 1208 2250 1253 2286; x_wconf 84' lang='lat' dir='ltr'>dc</span> <span class='ocrx_word' id='word_1_213' title='bbox 1275 2262 1315 2285; x_wconf 87' lang='lat' dir='ltr'>ce</span> <span class='ocrx_word' id='word_1_214' title='bbox 1343 2250 1469 2297; x_wconf 84' lang='lat' dir='ltr'>prince</span> <span class='ocrx_word' id='word_1_215' title='bbox 1496 2252 1518 2285; x_wconf 71' lang='lat' dir='ltr'>a</span> 
     </span>
     <span class='ocr_line' id='line_1_28' title="bbox 94 2313 548 2356; baseline 0 -8"><span class='ocrx_word' id='word_1_216' title='bbox 94 2314 190 2350; x_wconf 82' lang='lat' dir='ltr'>York</span> <span class='ocrx_word' id='word_1_217' title='bbox 211 2313 262 2348; x_wconf 91' lang='lat' dir='ltr'>du</span> <span class='ocrx_word' id='word_1_218' title='bbox 283 2316 303 2356; x_wconf 73' lang='grc'><strong>4</strong></span> <span class='ocrx_word' id='word_1_219' title='bbox 322 2314 453 2348; x_wconf 74' lang='lat' dir='ltr'>sevi-ier</span> <span class='ocrx_word' id='word_1_220' title='bbox 468 2326 548 2348; x_wconf 77' lang='lat'>211.</span> 
     </span>
    </p>

    <p class='ocr_par' dir='ltr' id='par_1_6' title="bbox 93 2370 1518 2714">
     <span class='ocr_line' id='line_1_29' title="bbox 137 2370 1516 2422; baseline -0.003 -14"><span class='ocrx_word' id='word_1_221' title='bbox 137 2374 189 2420; x_wconf 83' lang='grc' dir='ltr'>(ι)</span> <span class='ocrx_word' id='word_1_222' title='bbox 208 2374 249 2418; x_wconf 74' lang='grc'>(4</span> <span class='ocrx_word' id='word_1_223' title='bbox 267 2374 398 2409; x_wconf 78' lang='lat' dir='ltr'>sevrier</span> <span class='ocrx_word' id='word_1_224' title='bbox 416 2374 526 2409; x_wconf 61' lang='grc' dir='ltr'>’λιι-8</span> <span class='ocrx_word' id='word_1_225' title='bbox 548 2374 636 2409; x_wconf 86' lang='lat' dir='ltr'>avril</span> <span class='ocrx_word' id='word_1_226' title='bbox 655 2376 756 2422; x_wconf 81' lang='lat'>217).</span> <span class='ocrx_word' id='word_1_227' title='bbox 775 2373 872 2410; x_wconf 83' lang='lat' dir='ltr'>C&#39;es‘t</span> <span class='ocrx_word' id='word_1_228' title='bbox 896 2386 942 2409; x_wconf 88' lang='lat' dir='ltr'>en</span> <span class='ocrx_word' id='word_1_229' title='bbox 971 2384 1037 2408; x_wconf 80' lang='lat'>212</span> <span class='ocrx_word' id='word_1_230' title='bbox 1070 2384 1141 2420; x_wconf 89' lang='lat' dir='ltr'>quc</span> <span class='ocrx_word' id='word_1_231' title='bbox 1170 2378 1322 2407; x_wconf 86' lang='lat' dir='ltr'>mourut</span> <span class='ocrx_word' id='word_1_232' title='bbox 1336 2399 1344 2414; x_wconf 96' lang='lat'>,</span> <span class='ocrx_word' id='word_1_233' title='bbox 1377 2373 1398 2405; x_wconf 71' lang='grc' dir='ltr'>ἐι</span> <span class='ocrx_word' id='word_1_234' title='bbox 1425 2370 1516 2417; x_wconf 66' lang='lat' dir='ltr'>l‘aige</span> 
     </span>
     <span class='ocr_line' id='line_1_30' title="bbox 93 2431 1515 2480; baseline -0.004 -12"><span class='ocrx_word' id='word_1_235' title='bbox 93 2432 139 2468; x_wconf 89' lang='lat' dir='ltr'>de</span> <span class='ocrx_word' id='word_1_236' title='bbox 157 2440 240 2468; x_wconf 87' lang='lat' dir='ltr'>cent</span> <span class='ocrx_word' id='word_1_237' title='bbox 251 2433 304 2468; x_wconf 88' lang='lat' dir='ltr'>six</span> <span class='ocrx_word' id='word_1_238' title='bbox 318 2445 394 2474; x_wconf 85' lang='lat' dir='ltr'>ans,</span> <span class='ocrx_word' id='word_1_239' title='bbox 408 2432 440 2467; x_wconf 76' lang='lat' dir='ltr'>le</span> <span class='ocrx_word' id='word_1_240' title='bbox 458 2433 664 2480; x_wconf 75' lang='lat' dir='ltr'>patriai-elie</span> <span class='ocrx_word' id='word_1_241' title='bbox 679 2433 724 2468; x_wconf 90' lang='lat' dir='ltr'>de</span> <span class='ocrx_word' id='word_1_242' title='bbox 741 2433 955 2475; x_wconf 76' lang='lat' dir='ltr'>Jerusalem,</span> <span class='ocrx_word' id='word_1_243' title='bbox 970 2433 1149 2473; x_wconf 78' lang='lat' dir='ltr'>Narcisse,</span> <span class='ocrx_word' id='word_1_244' title='bbox 1163 2431 1255 2466; x_wconf 89' lang='lat' dir='ltr'>dont</span> <span class='ocrx_word' id='word_1_245' title='bbox 1272 2442 1364 2465; x_wconf 88' lang='lat' dir='ltr'>nous</span> <span class='ocrx_word' id='word_1_246' title='bbox 1379 2440 1515 2464; x_wconf 85' lang='lat' dir='ltr'>venons</span> 
     </span>
     <span class='ocr_line' id='line_1_31' title="bbox 93 2491 1517 2540; baseline -0.002 -13"><span class='ocrx_word' id='word_1_247' title='bbox 93 2491 140 2528; x_wconf 88' lang='lat' dir='ltr'>de</span> <span class='ocrx_word' id='word_1_248' title='bbox 160 2492 299 2540; x_wconf 82' lang='lat' dir='ltr'>parler;</span> <span class='ocrx_word' id='word_1_249' title='bbox 320 2492 345 2527; x_wconf 86' lang='lat' dir='ltr'>il</span> <span class='ocrx_word' id='word_1_250' title='bbox 363 2492 419 2527; x_wconf 86' lang='lat' dir='ltr'>sut</span> <span class='ocrx_word' id='word_1_251' title='bbox 438 2505 484 2527; x_wconf 87' lang='lat' dir='ltr'>en</span> <span class='ocrx_word' id='word_1_252' title='bbox 511 2492 594 2528; x_wconf 78' lang='lat' dir='ltr'>effet</span> <span class='ocrx_word' id='word_1_253' title='bbox 612 2493 792 2540; x_wconf 73' lang='lat' dir='ltr'>remplacc</span> <span class='ocrx_word' id='word_1_254' title='bbox 818 2505 884 2540; x_wconf 81' lang='lat' dir='ltr'>par</span> <span class='ocrx_word' id='word_1_255' title='bbox 902 2492 1107 2528; x_wconf 74' lang='lat' dir='ltr'>Alexandro</span> <span class='ocrx_word' id='word_1_256' title='bbox 1122 2519 1132 2535; x_wconf 83' lang='lat'>,</span> <span class='ocrx_word' id='word_1_257' title='bbox 1152 2492 1289 2539; x_wconf 56' lang='lat' dir='ltr'>cvi-que</span> <span class='ocrx_word' id='word_1_258' title='bbox 1307 2503 1352 2525; x_wconf 91' lang='lat' dir='ltr'>en</span> <span class='ocrx_word' id='word_1_259' title='bbox 1373 2491 1517 2536; x_wconf 80' lang='lat' dir='ltr'>Cappa-</span> 
     </span>
     <span class='ocr_line' id='line_1_32' title="bbox 94 2548 1515 2600; baseline -0.004 -12"><span class='ocrx_word' id='word_1_260' title='bbox 94 2551 203 2594; x_wconf 86' lang='lat' dir='ltr'>doce‚</span> <span class='ocrx_word' id='word_1_261' title='bbox 224 2553 288 2600; x_wconf 88' lang='lat' dir='ltr'>qui</span> <span class='ocrx_word' id='word_1_262' title='bbox 308 2552 437 2599; x_wconf 86' lang='lat' dir='ltr'>depuis</span> <span class='ocrx_word' id='word_1_263' title='bbox 455 2552 631 2600; x_wconf 80' lang='lat' dir='ltr'>quelques</span> <span class='ocrx_word' id='word_1_264' title='bbox 649 2555 783 2587; x_wconf 73' lang='lat' dir='ltr'>annees</span> <span class='ocrx_word' id='word_1_265' title='bbox 811 2553 991 2588; x_wconf 82' lang='lat' dir='ltr'>l&#39;assistait</span> <span class='ocrx_word' id='word_1_266' title='bbox 1018 2551 1108 2586; x_wconf 83' lang='lat' dir='ltr'>dans</span> <span class='ocrx_word' id='word_1_267' title='bbox 1131 2563 1186 2586; x_wconf 88' lang='lat' dir='ltr'>ses</span> <span class='ocrx_word' id='word_1_268' title='bbox 1215 2551 1409 2586; x_wconf 84' lang='lat' dir='ltr'>fonctions.</span> <span class='ocrx_word' id='word_1_269' title='bbox 1431 2548 1515 2583; x_wconf 76' lang='lat' dir='ltr'>L’il-</span> 
     </span>
     <span class='ocr_line' id='line_1_33' title="bbox 97 2612 1518 2660; baseline -0.003 -14"><span class='ocrx_word' id='word_1_270' title='bbox 97 2612 210 2648; x_wconf 75' lang='lat' dir='ltr'>lusti-e</span> <span class='ocrx_word' id='word_1_271' title='bbox 237 2612 443 2647; x_wconf 80' lang='lat' dir='ltr'>Tertullien</span> <span class='ocrx_word' id='word_1_272' title='bbox 465 2613 634 2648; x_wconf 77' lang='lat' dir='ltr'>{lorissait</span> <span class='ocrx_word' id='word_1_273' title='bbox 652 2615 670 2647; x_wconf 68' lang='lat' dir='ltr'>ii</span> <span class='ocrx_word' id='word_1_274' title='bbox 689 2620 784 2648; x_wconf 85' lang='lat' dir='ltr'>cette</span> <span class='ocrx_word' id='word_1_275' title='bbox 809 2615 970 2660; x_wconf 55' lang='lat' dir='ltr'>«ilioque,</span> <span class='ocrx_word' id='word_1_276' title='bbox 996 2623 1138 2646; x_wconf 89' lang='lat' dir='ltr'>comme</span> <span class='ocrx_word' id='word_1_277' title='bbox 1159 2617 1264 2645; x_wconf 84' lang='lat' dir='ltr'>notre</span> <span class='ocrx_word' id='word_1_278' title='bbox 1284 2617 1415 2645; x_wconf 78' lang='lat' dir='ltr'>auteur</span> <span class='ocrx_word' id='word_1_279' title='bbox 1435 2621 1454 2642; x_wconf 84' lang='lat' dir='ltr'>a</span> <span class='ocrx_word' id='word_1_280' title='bbox 1472 2620 1518 2641; x_wconf 77' lang='lat' dir='ltr'>cu</span> 
     </span>
     <span class='ocr_line' id='line_1_34' title="bbox 98 2669 1133 2714; baseline -0.002 -8"><span class='ocrx_word' id='word_1_281' title='bbox 98 2671 216 2706; x_wconf 82' lang='lat' dir='ltr'>raison</span> <span class='ocrx_word' id='word_1_282' title='bbox 235 2671 281 2707; x_wconf 81' lang='lat' dir='ltr'>de</span> <span class='ocrx_word' id='word_1_283' title='bbox 299 2671 332 2707; x_wconf 86' lang='lat' dir='ltr'>le</span> <span class='ocrx_word' id='word_1_284' title='bbox 349 2671 441 2707; x_wconf 77' lang='lat' dir='ltr'>dire.</span> <span class='ocrx_word' id='word_1_285' title='bbox 465 2673 519 2707; x_wconf 71' lang='lat' dir='ltr'>M-</span> <span class='ocrx_word' id='word_1_286' title='bbox 539 2685 616 2707; x_wconf 80' lang='lat' dir='ltr'>vers</span> <span class='ocrx_word' id='word_1_287' title='bbox 639 2672 719 2714; x_wconf 75' lang='lat'>160,</span> <span class='ocrx_word' id='word_1_288' title='bbox 744 2672 767 2706; x_wconf 91' lang='lat' dir='ltr'>il</span> <span class='ocrx_word' id='word_1_289' title='bbox 788 2678 937 2706; x_wconf 84' lang='lat' dir='ltr'>mourut</span> <span class='ocrx_word' id='word_1_290' title='bbox 955 2683 1034 2705; x_wconf 82' lang='lat' dir='ltr'>vers</span> <span class='ocrx_word' id='word_1_291' title='bbox 1053 2669 1133 2713; x_wconf 64' lang='lat'>245.</span> 
     </span>
    </p>

    <p class='ocr_par' dir='ltr' id='par_1_7' title="bbox 146 2729 1234 2779">
     <span class='ocr_line' id='line_1_35' title="bbox 146 2729 1234 2779; baseline -0.003 -14"><span class='ocrx_word' id='word_1_292' title='bbox 146 2729 194 2774; x_wconf 79' lang='lat'>(¹2)</span> <span class='ocrx_word' id='word_1_293' title='bbox 219 2731 272 2774; x_wconf 91' lang='grc' dir='ltr'>(ιι</span> <span class='ocrx_word' id='word_1_294' title='bbox 298 2730 386 2766; x_wconf 85' lang='lat' dir='ltr'>avril</span> <span class='ocrx_word' id='word_1_295' title='bbox 405 2731 574 2779; x_wconf 79' lang='lat' dir='ltr'>217-juin</span> <span class='ocrx_word' id='word_1_296' title='bbox 596 2732 693 2776; x_wconf 61' lang='lat'>218)</span> <span class='ocrx_word' id='word_1_297' title='bbox 714 2753 757 2758; x_wconf 89' lang='lat'>-—</span> <span class='ocrx_word' id='word_1_298' title='bbox 779 2732 874 2767; x_wconf 78' lang='lat' dir='ltr'>Liscz</span> <span class='ocrx_word' id='word_1_299' title='bbox 898 2748 903 2765; x_wconf 89' lang='lat'>:</span> <span class='ocrx_word' id='word_1_300' title='bbox 929 2731 1234 2766; x_wconf 74' lang='lat' dir='ltr'>Diadumcuimw.</span> 
     </span>
    </p>
   </div>
  </div>
 </body>
</html>
