1738 3043
240 220 317 258 3:30
605 215 842 253 {HSTORIA
873 214 1273 252 ECCLESIASTICA.

241 307 289 345 et
328 295 632 359 aegyptiacam
668 312 718 340 ac
752 292 1051 358 aethiopicam
1081 294 1524 340 sermocinationem
1558 311 1646 359 op-

245 374 357 419 time
380 371 670 435 loqueretur.
694 370 891 418 Candaei
914 371 1193 418 fiducialiter
1219 382 1265 418 et
1287 371 1538 418 affectuose
1569 372 1647 418 in—

244 449 503 513 terroganti
531 447 730 495 facunde
759 450 995 495 intimavit
1019 448 1261 513 quomodo
1283 467 1367 512 per
1384 465 1649 513 praesump-

243 529 423 573 tionem
441 525 690 574 hominum
709 527 765 573 ad
784 537 962 574 turrem
983 527 1123 574 Baliel
1144 526 1360 574 confusio
1382 525 1650 591 linguarum

242 606 363 652 facta
390 604 559 660 suerit;
584 614 630 651 et
653 623 813 651 rursus
837 606 1057 652 divinitas
1083 607 1321 652 incarnata
1348 622 1434 669 per
1457 603 1651 651 humili-

245 692 389 730 tatem
407 681 579 728 Christi
606 681 866 729 humanum
883 701 1029 747 genus
1054 683 1307 730 redemerit
1334 692 1381 730 et
1401 682 1652 747 antiquum

245 760 429 808 hostem
466 761 773 823 protriverit,
812 761 1078 826 electosque
1116 762 1308 808 clientes
1349 762 1455 826 igne
1493 760 1652 807 Sancti

244 838 446 902 Spiritus
476 838 866 895 inflammaverit,
895 849 941 886 et
964 839 1182 886 omnium
1205 839 1474 903 linguarum
1501 838 1655 884 scien-

246 916 382 972 tiam,
418 917 731 981 omniumque
767 917 1042 981 sapientiam
1077 918 1420 982 scripturarum
1450 916 1656 981 pleniter

243 993 502 1040 edocuerit.
541 994 755 1058 Cumque
787 1005 973 1041 sanctus
1009 994 1248 1058 apostolus
1282 994 1430 1041 multa
1459 994 1517 1041 de
1548 992 1656 1040 the-

245 1088 384 1117 sauro
419 1069 598 1134 sophiae
640 1071 841 1117 salubria
885 1072 1071 1136 populis
1113 1071 1318 1119 libenter
1357 1069 1657 1117 audientibus

247 1147 511 1212 proferret,
540 1149 674 1195 venit
700 1149 781 1213 qui
815 1167 975 1214 magos
1005 1166 1114 1196 cum
1146 1148 1342 1213 singulis
1372 1146 1658 1195 draconibus

245 1224 468 1273 advenire
491 1225 685 1273 diceret.
713 1227 951 1274 Dracones
973 1237 1129 1273 autem
1154 1226 1319 1290 galeati
1340 1234 1501 1281 erant,
1523 1223 1659 1270 ssatus

247 1320 415 1350 eorum
449 1302 785 1351 flammiferum
819 1304 1037 1352 ardorem
1074 1302 1346 1360 emanabat;
1387 1300 1660 1366 sulphureas

248 1380 441 1426 naribus
463 1398 595 1427 auras
621 1381 927 1447 spargebant,
961 1399 1169 1446 quorum
1196 1380 1317 1427 odor
1345 1379 1561 1429 homines
1585 1378 1661 1443 in-

251 1457 525 1505 terficiebat.
551 1460 687 1505 Tunc
715 1470 902 1507 sanctus
936 1458 1190 1506 Matthaeus
1215 1475 1311 1505 sese
1336 1455 1658 1522 consignavit,

249 1545 296 1580 et
321 1534 607 1598 prohibente
629 1535 829 1582 Candaei
855 1535 1074 1583 eunucho
1088 1572 1101 1592 ‚
1124 1553 1312 1582 securus
1333 1534 1496 1581 exivit.
1526 1532 1660 1579 Illico

250 1621 304 1656 ut
337 1610 431 1658 duo
471 1613 591 1675 magi
631 1614 912 1671 astiterunt,
945 1612 1086 1660 ambo
1119 1613 1347 1660 dracones
1378 1622 1489 1658 ante
1522 1608 1662 1675 pedes

249 1690 345 1751 ejus
369 1686 753 1735 obdormierunt.
782 1691 920 1736 Tune
947 1690 1187 1754 apostolus
1214 1692 1358 1754 magis
1382 1687 1504 1734 dixit
1529 1705 1539 1731 :
1570 1685 1665 1734 Ubi

251 1777 317 1811 est
351 1783 431 1811 ars
458 1765 657 1811 vestra?
688 1767 747 1813 Si
757 1769 987 1831 potestis,
1020 1769 1228 1814 excitate
1257 1767 1382 1814 illos.
1409 1766 1482 1812 llli
1505 1775 1663 1812 autem

249 1852 349 1888 arte
373 1842 547 1906 magica
567 1842 794 1892 dracones
819 1845 1021 1891 excitare
1041 1846 1197 1892 conati
1219 1855 1357 1901 sunt,
1379 1844 1458 1892 sed
1475 1843 1664 1909 penitus

251 1937 348 1967 non
385 1930 663 1983 potuerunt.
702 1923 883 1969 Interea
913 1923 1077 1986 populi
1111 1931 1467 1979 convenerunt,
1496 1932 1544 1968 et
1572 1919 1663 1968 hoc

250 1997 460 2045 videntes
491 1998 862 2063 obstupuerunt.
892 2002 1104 2049 Tandem
1127 2002 1289 2050 beatus
1317 2001 1584 2067 apostolus,
1612 1999 1662 2046 in

251 2075 446 2122 nomine
486 2076 715 2134 Domini,
758 2080 986 2144 praecepit
1026 2081 1159 2127 saevis
1194 2079 1425 2145 anguibus
1465 2089 1519 2126 ut
1554 2095 1664 2125 cum

249 2152 382 2198 omni
406 2154 768 2201 mansuetudine
793 2155 850 2201 ad
875 2156 1035 2203 locum
1058 2175 1196 2204 suum
1220 2157 1458 2212 redirent,
1486 2165 1534 2203 et
1564 2154 1664 2201 sine

249 2227 443 2290 alicujus
465 2228 656 2277 laesio'ne
674 2229 879 2278 abirent.
902 2233 1125 2280 Protinus
1149 2244 1389 2298 serpentes
1413 2241 1555 2296 caput
1573 2230 1664 2278 ele-

253 2315 424 2350 varunt
435 2341 449 2362 ,
474 2306 541 2352 ire
559 2320 812 2371 coeperunt
827 2345 839 2366 ‚
863 2321 910 2356 et
927 2312 1099 2374 apertis
1118 2313 1268 2375 portis
1288 2311 1457 2358 urbem
1474 2307 1661 2374 egressi,

255 2397 485 2444 nusquam
506 2397 895 2446 comparuerunt.

317 2459 456 2503 Tunc
480 2470 665 2506 sanctus
683 2463 978 2529 Evangelista
1003 2466 1283 2531 gaudentem
1300 2464 1530 2530 populum
1549 2461 1663 2508 allo-

255 2545 388 2580 cutus
414 2546 482 2581 est
517 2535 726 2604 benigno
757 2560 1003 2604 sermone,
1039 2555 1085 2591 et
1118 2548 1325 2591 narravit
1351 2543 1390 2588 ei
1416 2541 1583 2588 seriem
1606 2544 1662 2586 dc

258 2613 393 2675 primi
431 2612 636 2661 hominis
674 2619 947 2668 conditione
976 2633 1022 2669 et
1050 2622 1243 2686 paradisi
1271 2619 1570 2675 amoenitate,
1604 2616 1659 2662 de

256 2699 477 2751 apostata:
511 2693 657 2754 angeli
692 2695 839 2742 lix-mv
865 2709 909 2743 et
935 2697 1232 2759 deceptione,
1266 2696 1322 2741 dc
1353 2714 1456 2742 casu
1484 2703 1653 2758 proto-
