1738 3043
243 244 321 280 2:39.
611 239 853 279 HISTORIA
886 239 1286 279 ECCLESIASTICA.

245 322 379 367 illum
411 320 621 384 excepit,
657 320 901 367 Simonem
929 338 1043 368 vero
1068 338 1177 366 eum
1206 319 1435 369 dedecore
1457 322 1656 387 expulit.

243 399 382 444 Canis
427 406 585 444 antem
630 395 830 443 blandus
876 396 1100 444 omnibus
1139 398 1333 444 effectus
1365 408 1476 455 est‚·
1504 398 1669 446 solum¹

248 492 359 522 xero
399 475 646 522 Simonem
677 487 949 539 persecutus
991 485 1079 522 cst.
1124 475 1279 535 Quem
1320 492 1430 522 cum
1460 475 1664 524 misisset

244 553 410 600 subtus
451 571 498 601 se
520 589 533 610 ,
578 564 800 600 currente
836 555 978 601 Petro
1018 564 1066 601 et
1104 554 1337 601 clamante
1370 574 1381 599 :
1416 555 1665 620 Proecipio

244 631 333 677 tibi
366 633 416 677 in
452 631 645 677 nomine
677 631 880 677 Domini
916 633 1070 678 nostri
1100 630 1140 677 J
1139 648 1223 677 esa
1253 630 1460 688 Christi,
1489 641 1541 678 ut
1569 648 1665 678 non

227 710 371 773 sigas
415 726 624 755 morsum
668 714 716 754 ιή
759 708 980 772 aliquam
1018 719 1208 773 partem
1256 709 1472 774 eorporis
1517 709 1624 773 ejus
1645 745 1661 766 ,

247 786 435 832 nullum
477 785 672 851 quidem
707 784 980 833 membrum
1020 788 1118 849 ejus
1158 786 1436 849 contingere
1471 785 1663 849 potuit,

246 862 326 909 sed
354 863 415 908 ita
447 861 685 911 morsibus
710 863 988 908 vestimenta
1014 863 1111 925 ejus
1138 862 1431 919 attrectavit,
1456 871 1513 907 ut
1535 859 1665 908 nulla

247 959 353 1005 pars
398 940 613 1004 corporis
661 942 758 1003 ejus
799 949 920 986 tecta
966 949 1251 986 remaneret.
1293 938 1461 985 Omnis
1506 947 1667 985 autem

245 1016 473 1081 populus,
504 1026 551 1064 et
574 1016 815 1080 praecipue
838 1015 973 1080 pueri
996 1025 1105 1079 post
1123 1032 1232 1062 eum
1249 1014 1392 1060 simul
1421 1032 1532 1061 cum
1553 1031 1668 1061 cane

247 1103 593 1150 cucurrerunt,
619 1111 823 1159 eumque
854 1111 966 1140 cum
993 1093 1178 1139 ululatu
1204 1093 1336 1158 quasi
1364 1092 1533 1156 lupum
1564 1109 1670 1138 mu-

249 1191 327 1221 ros
352 1173 556 1220 civitatis
585 1173 844 1236 ejecerunt.
877 1171 960 1219 llle
983 1189 1097 1219 vero
1117 1170 1255 1235 hujus
1273 1169 1472 1235 pudoris
1491 1186 1669 1235 oppro-

245 1251 407 1298 brium
430 1268 530 1299 non
554 1250 738 1311 ferens,
770 1268 856 1315 per
888 1267 1040 1297 unum
1064 1268 1246 1297 annum
1272 1266 1510 1315 nusquam
1534 1265 1672 1297 com-

246 1330 423 1394 paruit.
457 1330 622 1377 Postea
658 1328 841 1376 Neroni
876 1328 1047 1375 Caesari
1086 1327 1331 1385 innotuit,
1368 1325 1672 1391 hominisque

249 1407 444 1472 maligni
466 1407 685 1453 amicitiis
703 1408 838 1471 pejor
862 1406 1065 1470 pessimo
1089 1405 1338 1470 copulatus
1363 1403 1570 1452 inhaesit.

315 1485 747 1549 Appropinquante
772 1485 981 1532 termino
1003 1484 1250 1548 apostolici
1272 1482 1545 1531 certaminis
1559 1518 1571 1538 ,
1591 1499 1672 1547 ap-

251 1562 409 1625 paruit
430 1562 666 1607 Dominus
684 1561 828 1607 Petro
850 1561 1068 1624 apostolo
1091 1578 1177 1625 per
1194 1561 1427 1607 visionem
1445 1597 1458 1615 ‚
1477 1559 1668 1606 dicens:

254 1638 424 1684 Simon
459 1649 502 1684 et
532 1638 663 1684 Nero
696 1637 835 1703 pleni
865 1636 1122 1684 daemoniis
1161 1636 1412 1683 adversum
1447 1646 1491 1682 te
1529 1635 1672 1699 eogi-

252 1727 369 1761 tant.
415 1715 537 1761 Noli
573 1716 764 1772 timere,
805 1716 921 1778 quia
963 1725 1116 1760 tec-am
1161 1730 1250 1777 ego
1288 1730 1422 1771 sum,
1463 1722 1507 1758 ec
1545 1711 1673 1758 dabo

251 1793 342 1838 tibi
363 1792 577 1858 apostoli
595 1791 750 1838 Pauli
770 1791 996 1838 solatium
1008 1829 1023 1849 ,
1052 1792 1137 1855 qui
1153 1808 1262 1837 cras
1282 1791 1492 1837 Romam
1510 1791 1674 1855 ingre-

253 1872 427 1917 dietur.
474 1872 598 1917 Cum
632 1888 727 1935 quo
755 1881 871 1936 post
906 1881 1085 1936 septem
1120 1887 1303 1916 menses
1342 1867 1489 1916 simul
1519 1867 1673 1914 habe-

255 1949 326 1995 bis
363 1959 531 1995 eontra
573 1948 816 1994 Simonem
857 1947 1050 1994 bellum.
1094 1948 1162 1994 Ec
1194 1957 1461 2012 postquam
1493 1945 1675 1991 viceri—

257 2029 316 2073 tis
348 2037 394 2073 et
430 2027 695 2092 dejeceritis
734 2044 843 2073 eum
881 2037 925 2072 et
963 2025 1280 2091 deposueritis
1317 2025 1367 2070 in
1403 2020 1642 2087 infernum
1658 2059 1673 2080 ,

256 2105 403 2151 simul
432 2105 503 2151 ad
539 2122 614 2151 me
647 2105 791 2151 ambo
828 2105 1029 2151 venietis
1063 2105 1286 2151 vietor-es.
1315 2100 1458 2164 Quod
1488 2112 1539 2148 et
1575 2099 1680 2148 sac·-

263 2192 364 2228 tum
398 2192 486 2229 est.
525 2182 646 2228 Nam
683 2182 770 2228 alia
801 2181 878 2228 die
912 2181 1043 2228 venit
1076 2180 1264 2227 Paulus.
1298 2179 1407 2239 Quo
1440 2178 1612 2225 ordine
1633 2194 1682 2224 se

259 2258 509 2315 viderunt,
537 2269 584 2306 et
611 2270 722 2323 post
747 2275 811 2304 vn
838 2275 1021 2305 menses
1045 2275 1154 2303 eum
1178 2257 1374 2304 Simone
1400 2255 1681 2303 conflictum

262 2334 557 2392 habuerunt,
585 2347 773 2382 sanetus
803 2336 948 2382 Linus
972 2353 1088 2400 papa
1115 2335 1385 2392 enarravit,
1414 2344 1462 2382 et
1489 2349 1682 2381 omnem

263 2423 448 2461 textum
486 2415 714 2477 passionis
751 2431 918 2462 eorum
953 2432 1112 2478 graeco
1146 2431 1367 2461 sermone
1389 2412 1447 2459 ad
1469 2411 1683 2460 ecclesias

263 2491 514 2539 orientales
550 2493 738 2557 scripsit
769 2492 1032 2556 (1).1nde‚
1068 2494 1189 2540 sieut
1219 2493 1336 2539 olim
1369 2491 1520 2554 coepi,
1548 2506 1684 2554 quae-

310 2687 359 2729 (ι)
388 2685 413 2719 ΙΙ
436 2686 534 2732 s'ngi!
561 2687 602 2719 isi
623 2686 666 2718 ‹!··
686 2686 799 2720 vocnt
823 2686 1068 2732 pseudonyme
1085 2684 1230 2720 intituli}
1290 2684 1324 2718 D
1364 2681 1446 2717 Lim*
1469 2680 1681 2726 portlificum

271 2757 310 2773 ·1‘1
328 2744 417 2779 mtrli
435 2744 478 2779 dc
512 2748 563 2778 «υἱ
589 2745 867 2789 1¹](L’1lmaexwlt'x
900 2746 932 2779 D
976 2746 1077 2780 Petri
1099 2744 1254 2789 aposloli
1278 2744 1447 2786 [vausune
1476 2738 1677 2774 libellusff.
