1738 3043
243 264 321 300 206
607 261 845 299 HISTORIA
876 262 1275 302 ECCLESIASTICA.

245 340 545 404 stupentibus
568 342 774 402 cunctis,
801 342 882 406 qui
903 343 1209 406 pertinaciam
1228 344 1325 406 ejus
1348 353 1479 392 antea
1503 361 1645 392 nove·

242 427 373 472 rant,
395 416 509 462 dum
527 428 830 480 paternarum
851 419 1156 466 traditionum
1177 419 1375 483 amplius
1393 420 1644 469 aemulator

242 494 462 540 existeret
483 494 570 557 (ι).

303 571 469 617 Saulus
502 571 655 619 multo
687 573 830 636 magis
857 572 1234 633 convalescebat,
1263 585 1307 621 et
1337 573 1523 622 Judaeos
1559 576 1639 641 qui

239 649 448 695 Damasci
471 647 745 696 habitabant
768 648 1104 696 confundebat.
1129 652 1295 714 Ingens
1321 651 1465 716 igitur
1480 651 1641 699 odium

240 737 403 773 contra
434 727 565 773 illum
589 745 678 791 pro
705 728 976 774 testimonio
1002 727 1124 774 fideli
1158 729 1452 776 concitatum
1474 739 1571 786 est,
1597 741 1644 777 et

238 814 346 867 post
369 804 559 869 aliquod
585 814 766 868 tempus
787 822 809 849 a
827 804 1017 860 Judaeis‚
1037 814 1090 850 ut
1116 804 1481 862 interficeretur,
1509 823 1643 853 sum-

238 898 431 945 mopere
454 882 677 946 quaesitus
701 891 793 936 est,
822 882 1064 945 portisque
1087 883 1295 929 Damasci
1323 883 1557 941 custodia,
1583 901 1644 932 ne

238 960 463 1025 effugeret
476 995 489 1016 ‚
518 970 657 1007 nocte
674 960 841 1023 dieque
864 959 1081 1022 deputata
1105 970 1189 1007 est.
1215 961 1438 1025 Discipuli
1465 971 1640 1018 autem,

237 1039 346 1102 quia
375 1037 565 1085 hostiles
591 1038 770 1084 insidiae
797 1037 936 1085 Saulo
958 1047 1087 1084 notae
1111 1036 1246 1083 factae
1268 1048 1404 1096 sunt,
1439 1038 1641 1085 inimicis

237 1113 409 1161 frustra
432 1113 783 1171 insidiantibus,
806 1132 913 1161 eum
934 1125 1074 1161 nocte
1092 1131 1177 1178 per
1199 1131 1392 1160 murum
1416 1114 1465 1161 in
1484 1125 1642 1179 sporta

237 1192 593 1238 summiserunt.
623 1192 675 1237 In
700 1191 955 1238 Jerusalem
985 1208 1093 1237 cum
1118 1190 1346 1246 venisset,
1375 1192 1574 1256 jungere
1596 1208 1643 1238 se

237 1268 477 1333 discipulis
511 1268 744 1325 tentabat;
794 1270 871 1314 scd
903 1285 1067 1316 omnes
1104 1267 1335 1315 timebant
1370 1285 1502 1326 eum,
1542 1284 1642 1316 non

238 1348 478 1395 credentes
505 1349 612 1413 quia
634 1347 888 1412 discipulus
920 1356 1053 1394 esset.
1092 1345 1326 1393 Barnabas
1361 1362 1474 1393 vero
1505 1345 1643 1393 illum

236 1424 575 1488 apprehendit,
605 1425 661 1471 ad
687 1424 941 1488 discipulos
964 1423 1124 1481 (luxit,
1161 1434 1207 1470 et
1230 1423 1473 1488 quomodo
1497 1423 1545 1469 in
1569 1421 1641 1469 via

236 1501 424 1548 vidisset
444 1502 720 1558 Dominum,
741 1513 787 1548 et
805 1511 970 1548 caetera
988 1518 1095 1566 quae
1115 1501 1437 1565 contigerant,
1459 1500 1522 1548 eis
1537 1518 1641 1547 nar-

236 1579 373 1624 ravit.
409 1579 502 1624 lllis
535 1580 690 1643 itaque
727 1579 825 1624 Deo
863 1578 1031 1642 gratias
1061 1577 1307 1641 agentibus
1332 1577 1535 1625 fideliter
1555 1577 1642 1624 ad-

237 1656 398 1714 haesit,
443 1667 489 1703 et
522 1675 629 1703 cum
667 1658 756 1703 illis
804 1657 984 1703 intrans
1027 1666 1072 1703 et
1117 1656 1303 1712 exiens,
1355 1655 1402 1702 in
1444 1655 1640 1703 nomine

234 1735 424 1781 Domini
451 1736 558 1781 Jesu
584 1734 862 1781 fiducialiter
889 1734 999 1798 egit.
1029 1733 1145 1779 Cum
1172 1732 1348 1779 Graecis
1371 1731 1641 1796 disputabat

235 1823 281 1859 et
297 1814 321 1858 J
329 1812 483 1860 udaeos
502 1809 794 1870 revincebat,
813 1811 1005 1876 Deoque
1027 1810 1393 1858 adminiculante
1416 1809 1638 1857 omnibus

233 1890 486 1937 eminebat.
516 1890 782 1936 Invidentes
807 1906 918 1954 ergo
947 1888 1242 1944 sublimiori,
1268 1889 1498 1952 perimere
1517 1889 1639 1935 Sau-

234 1968 332 2013 lum
351 1968 459 2013 victi
481 1967 636 2014 eonati
656 1976 782 2012 sunt.
802 1966 941 2026 Quod
960 1966 1126 2012 fratres
1146 1976 1506 2030 cognoscentes,
1529 1982 1637 2013 eum

232 2045 487 2093 Caesaream
501 2044 815 2101 deduxerunt,
830 2054 877 2090 et
895 2044 1097 2090 Tarsum
1113 2044 1412 2091 dimiserunt.
1428 2043 1636 2090 Ecclesia

232 2124 422 2188 quidem
448 2141 533 2187 per
557 2133 705 2169 totam
735 2122 941 2168 Judaeam
971 2133 1017 2169 et
1041 2122 1282 2169 Galilaeam
1307 2132 1355 2169 et
1382 2122 1635 2168 Samariam

231 2217 393 2264 pacem
419 2199 634 2247 habebat.
661 2199 921 2245 Ambulans
946 2199 992 2245 in
1021 2199 1191 2246 timore
1215 2199 1407 2246 Domini
1432 2197 1635 2245 aedifica-

233 2277 398 2334 batur,
440 2288 487 2324 et
526 2276 850 2324 consolatione
893 2276 1097 2339 Spiritus
1136 2276 1290 2322 Sancti
1333 2275 1630 2340 replebatur,

229 2367 367 2421 atque
391 2355 683 2402 credentium
710 2353 968 2400 multitudo
991 2353 1247 2418 augebatur
1265 2354 1355 2418 (2).

293 2434 457 2479 Petrus
480 2431 716 2495 apostolus
740 2431 936 2477 AEneam
954 2432 1266 2496 paralyticum
1283 2429 1342 2477 ab
1365 2431 1499 2477 annis
1519 2441 1629 2478 octo

224 2513 454 2573 jacentem
481 2509 528 2555 in
554 2507 748 2572 grabato
772 2507 930 2554 Liddae
955 2509 1146 2554 sanavit.
1171 2508 1343 2555 Omnes
1363 2523 1475 2554 vero
1496 2505 1629 2553 habi-

274 2760 321 2798 (¹)
349 2758 431 2790 Act.
454 2762 570 2800 apost.
594 2768 640 2796 ix,
665 2767 740 2788 1-'21
779 2753 904 2798 (54011
928 2753 1316 2798 55.)-(2)Ibid.1x,
1338 2751 1577 2800 22-31.(37.)
