1738 3043
120 204 198 243 438
485 203 727 241 HISTORIA
761 203 1164 243 ECCLESIASTICA.

117 286 191 332 rio
222 295 379 330 nutem
415 284 461 329 in
489 282 564 329 die
594 282 725 329 stella
759 281 817 329 ab
848 299 1015 330 occasu
1047 284 1187 339 exiit,
1223 294 1271 331 et
1299 285 1347 331 in
1379 294 1533 349 partes

117 362 324 411 Orientis
347 361 616 409 declinavit.
648 362 759 408 Post
780 360 879 409 haec
906 363 954 408 in
980 362 1158 411 Martio
1181 379 1319 410 mons
1341 363 1535 411 Bravius

120 444 167 488 in
193 440 446 504 Campania
467 456 553 503 per
572 439 668 486 dies
692 456 722 485 x
745 441 1002 497 eructavit,
1032 450 1078 487 ct
1102 441 1263 487 omnia
1286 441 1439 489 vicina
1459 441 1534 506 (1)

117 536 212 582 pra·
253 517 411 563 cinere
454 516 596 580 ipsius
639 517 946 563 exterminata
983 527 1111 563 sunt.
1153 517 1381 565 Praefatus
1420 534 1536 582 papa

120 613 186 642 xn
213 595 457 658 episcopos
480 593 745 650 ordinavit,
774 604 821 641 et
847 594 942 658 ipsc
966 605 1074 641 νιιιο
1100 593 1200 640 idus
1217 595 1323 641 maii
1344 594 1401 642 ad
1418 593 1535 643 bea-

119 685 222 719 tum
245 674 438 720 Petrum
457 672 668 736 sepultus
687 683 755 719 est
769 708 781 728 ,
806 684 848 719 et
872 673 1065 719 cessavit
1082 673 1378 738 episcopatus
1398 691 1538 722 men-

119 750 247 798 sibus
274 768 307 797 11
331 748 496 797 diebus
520 766 580 795 xv
605 750 698 813 (2).

181 830 387 876 Joannes
405 828 570 892 Syrus,
588 827 645 874 de
662 827 936 885 Antiochia,
958 846 1014 874 ex
1027 839 1160 892 patre
1177 830 1395 894 Cyriaco,
1419 829 1539 877 sedit

119 924 247 954 anno
266 922 365 952 uno
390 904 556 952 diebus
588 921 636 950 ix
650 939 663 961 ‚
697 914 911 969 tempore
933 906 1186 953 Justiniani
1211 906 1427 972 Augusti.
1450 907 1539 953 Hic

119 984 233 1031 dum
252 994 370 1031 esset
389 982 614 1029 diaconus
630 1018 644 1041 ,
666 981 723 1028 ab
739 981 988 1047 Agathone
1009 1001 1128 1047 papa
1148 1001 1257 1029 cum
1275 984 1375 1030 aliis
1394 1001 1541 1032 sacer-

119 1060 312 1109 dotibus
348 1062 395 1107 in
433 1060 608 1124 regiam
644 1058 813 1106 urbem
845 1061 1013 1106 missus
1048 1070 1134 1107 est.
1174 1060 1357 1121 Quarto
1391 1077 1540 1108 nonas

121 1140 302 1206 augusti
328 1138 385 1185 ad
407 1137 600 1186 beatum
624 1139 819 1185 Petrum
846 1139 1116 1202 apostolum
1141 1139 1351 1203 sepultus
1369 1150 1462 1195 est,
1493 1148 1542 1186 et

122 1218 314 1265 cessavit
334 1217 629 1281 episcopatus
653 1214 896 1263 mensibus
921 1233 953 1262 11
977 1215 1142 1263 diebus
1161 1232 1300 1263 xvm.
1323 1217 1411 1263 Hic
1433 1215 1542 1262 diu·-

123 1297 221 1342 tina
256 1294 532 1341 infirmitate
557 1292 777 1340 detentus
807 1304 901 1352 est,
930 1304 977 1341 et
1010 1295 1254 1359 episcopos
1284 1310 1374 1341 x111
1405 1292 1542 1344 ordi-

124 1374 256 1419 navit
275 1373 363 1437 (ὃ).

189 1451 359 1497 Conon
394 1448 604 1505 Siculus,
648 1449 705 1495 de
738 1459 871 1513 patre
913 1448 1167 1505 Traceaeo,
1208 1447 1329 1496 sedit
1361 1448 1542 1506 mensi-

125 1527 212 1573 bus
246 1544 312 1574 x1.
347 1529 399 1573 ln
433 1530 529 1590 ejus
554 1527 785 1573 electione
816 1545 983 1590 magna
1018 1528 1266 1574 contentio
1299 1526 1420 1573 facta
1452 1536 1537 1573 est.

128 1608 247 1652 Nam
266 1605 418 1651 clerus
442 1605 489 1650 in
516 1605 710 1650 Petrum
738 1603 1209 1669 archipresbyterum
1234 1603 1510 1651 intendebat
1525 1641 1538 1661 ‚

127 1693 175 1729 et
206 1682 437 1729 exercitus
463 1681 510 1726 in
534 1690 812 1745 sequentem
835 1682 932 1744 ejus
957 1680 1267 1728 Theodorum
1289 1679 1543 1745 presbyte-

129 1778 254 1807 rum.
284 1758 374 1806 Sed
404 1769 600 1823 repente
621 1770 745 1804 nutu
769 1758 851 1805 Dei
884 1759 1120 1806 derelictis
1143 1760 1285 1807 Petro
1312 1769 1360 1806 et
1381 1757 1545 1806 Theo-

126 1837 273 1894 doro,
299 1853 463 1884 omnes
492 1834 726 1882 domnum
755 1836 1005 1883 Cononem
1027 1835 1282 1900 pulchrum
1313 1853 1472 1883 senem
1495 1845 1542 1883 et

126 1916 400 1981 religiosum
423 1914 682 1979 elegerunt.
711 1915 798 1960 Hic
817 1914 1001 1960 diutina
1023 1914 1300 1961 infirmitate
1323 1915 1541 1961 detentus

128 2005 222 2052 est,
260 2005 306 2041 et
343 1993 585 2058 episcopos
619 2010 698 2040 xv¹
732 1993 988 2040 ordinavit.
1020 1992 1092 2039 Ad
1121 1992 1315 2039 beatum
1347 1993 1541 2040 Petrum

134 2134 1538 2187 fffl-—ss-ffi—-ffl

176 2255 225 2298 (ι)
256 2253 293 2287 V
291 2254 415 2295 ιἐίηία,
438 2253 638 2287 manuscrit
651 2252 696 2286 de
715 2244 1000 2288 Saint-Evroult.

176 2314 226 2357 (2)
251 2311 311 2355 (26
325 2312 409 2357 juin
427 2310 539 2358 6847
555 2312 626 2346 mai
649 2310 745 2357 685.)
769 2312 818 2346 Le
833 2312 1022 2359 pontificat
1038 2312 1084 2347 de
1101 2324 1141 2347 ce
1160 2323 1252 2359 pape
1266 2323 1311 2347 ne
1327 2321 1540 2357 correspon-

130 2372 186 2407 dit
207 2372 311 2418 point
329 2373 348 2405 a
366 2370 529 2417 l'ernpire
549 2370 596 2404 de
611 2371 793 2405 Justinien
812 2372 847 2406 II
874 2384 922 2406 ou
941 2371 1188 2416 &Her-aelius,
1218 2372 1309 2407 mais
1329 2373 1349 2405 ἐι
1375 2369 1467 2405 celui
1495 2368 1541 2404 de

131 2431 348 2470 Constantia
362 2430 528 2476 Pogonat
545 2429 854 2477 (668-septemboe
867 2430 963 2475 685).
985 2431 1135 2467 Suivant
1151 2431 1308 2466 d’autres
1324 2428 1537 2472 historiens,

131 2504 171 2526 cc
197 2503 242 2526 ne
267 2489 323 2525 sut
344 2490 448 2536 point
472 2488 505 2523 la
525 2489 630 2533 lune,
659 2491 748 2525 mais
766 2503 838 2526 une
856 2491 963 2526 etoile
980 2493 1044 2540 qui
1068 2491 1192 2527 devint
1210 2489 1424 2531 nebulam,
1445 2496 1482 2523 et
1507 2488 1540 2523 le

130 2555 234 2584 mont
251 2549 315 2596 qui
331 2547 404 2594 jeta
423 2546 485 2581 des
506 2547 666 2583 ssammes
683 2549 740 2584 fut
757 2549 789 2584 le
808 2550 963 2586 Vesuve.

177 2606 226 2653 (3)
252 2605 311 2651 (23
326 2606 409 2652 juin
421 2605 561 2642 685-101
579 2607 666 2643 aofit
677 2608 777 2653 686.)
789 2609 841 2644 Ce
855 2622 946 2657 pape
963 2610 1056 2645 avait
1073 2610 1130 2643 ete
1144 2620 1189 2641 en
1202 2606 1283 2642 effet
1300 2606 1395 2653 legat
1408 2605 1539 2653 d'Aga-

133 2667 223 2701 ’hon
243 2679 288 2702 au
307 2665 444 2700 concile
461 2665 506 2699 ‹le
523 2666 835 2714 Constantinoplo.
