<?xml version="1.0" encoding="UTF-8"?>
<!DOCTYPE html PUBLIC "-//W3C//DTD XHTML 1.0 Transitional//EN"
    "http://www.w3.org/TR/xhtml1/DTD/xhtml1-transitional.dtd">
<html xmlns="http://www.w3.org/1999/xhtml" xml:lang="en" lang="en">
 <head>
  <title>
</title>
<meta http-equiv="Content-Type" content="text/html;charset=utf-8" />
  <meta name='ocr-system' content='tesseract 3.04.00' />
  <meta name='ocr-capabilities' content='ocr_page ocr_carea ocr_par ocr_line ocrx_word'/>
</head>
<body>
  <div class='ocr_page' id='page_1' title='image "./ordericivitalish01ordeuoft_0089.png"; bbox 0 0 1738 3043; ppageno 0'>
   <div class='ocr_carea' id='block_1_1' title="bbox 666 209 1569 249">
    <p class='ocr_par' dir='ltr' id='par_1_1' title="bbox 666 209 1569 249">
     <span class='ocr_line' id='line_1_1' title="bbox 666 209 1569 249; baseline -0.006 0"><span class='ocrx_word' id='word_1_1' title='bbox 666 210 820 249; x_wconf 82' lang='lat' dir='ltr'>LIBER</span> <span class='ocrx_word' id='word_1_2' title='bbox 849 209 977 248; x_wconf 76' lang='lat' dir='ltr'><strong>PfflM</strong></span> <span class='ocrx_word' id='word_1_3' title='bbox 987 210 1058 248; x_wconf 68' lang='lat' dir='ltr'><strong>[S.</strong></span> <span class='ocrx_word' id='word_1_4' title='bbox 1520 211 1569 245; x_wconf 66' lang='lat'><strong>753</strong></span> 
     </span>
    </p>
   </div>
   <div class='ocr_carea' id='block_1_2' title="bbox 154 290 1591 2543">
    <p class='ocr_par' dir='ltr' id='par_1_2' title="bbox 154 290 1589 1996">
     <span class='ocr_line' id='line_1_2' title="bbox 220 290 1573 358; baseline -0.004 -17"><span class='ocrx_word' id='word_1_5' title='bbox 220 295 462 358; x_wconf 75' lang='lat' dir='ltr'><strong>Principes</strong></span> <span class='ocrx_word' id='word_1_6' title='bbox 491 290 790 338; x_wconf 80' lang='lat' dir='ltr'><strong>sacerdotum</strong></span> <span class='ocrx_word' id='word_1_7' title='bbox 822 300 870 337; x_wconf 87' lang='lat' dir='ltr'><strong>et</strong></span> <span class='ocrx_word' id='word_1_8' title='bbox 901 308 1044 337; x_wconf 88' lang='lat' dir='ltr'><strong>omne</strong></span> <span class='ocrx_word' id='word_1_9' title='bbox 1069 290 1358 349; x_wconf 82' lang='lat' dir='ltr'><strong>concilium,</strong></span> <span class='ocrx_word' id='word_1_10' title='bbox 1393 306 1573 353; x_wconf 86' lang='lat' dir='ltr'><strong>quaere—</strong></span> 
     </span>
     <span class='ocr_line' id='line_1_3' title="bbox 155 368 1570 427; baseline -0.005 -7"><span class='ocrx_word' id='word_1_11' title='bbox 155 372 272 420; x_wconf 90' lang='lat' dir='ltr'><strong>bant</strong></span> <span class='ocrx_word' id='word_1_12' title='bbox 295 372 463 419; x_wconf 87' lang='lat' dir='ltr'><strong>falsum</strong></span> <span class='ocrx_word' id='word_1_13' title='bbox 485 369 813 418; x_wconf 89' lang='lat' dir='ltr'><strong>testimonium</strong></span> <span class='ocrx_word' id='word_1_14' title='bbox 831 379 996 416; x_wconf 84' lang='lat' dir='ltr'><strong>contra</strong></span> <span class='ocrx_word' id='word_1_15' title='bbox 1016 370 1174 415; x_wconf 81' lang='lat' dir='ltr'><strong>Jesum</strong></span> <span class='ocrx_word' id='word_1_16' title='bbox 1187 405 1201 427; x_wconf 90' lang='lat'>,</span> <span class='ocrx_word' id='word_1_17' title='bbox 1223 378 1275 414; x_wconf 88' lang='lat' dir='ltr'><strong>ut</strong></span> <span class='ocrx_word' id='word_1_18' title='bbox 1296 385 1405 416; x_wconf 88' lang='lat' dir='ltr'><strong>eum</strong></span> <span class='ocrx_word' id='word_1_19' title='bbox 1425 368 1570 415; x_wconf 87' lang='lat' dir='ltr'><strong>morti</strong></span> 
     </span>
     <span class='ocr_line' id='line_1_4' title="bbox 158 445 1574 507; baseline -0.004 -10"><span class='ocrx_word' id='word_1_20' title='bbox 158 451 421 507; x_wconf 86' lang='lat' dir='ltr'><strong>traderent;</strong></span> <span class='ocrx_word' id='word_1_21' title='bbox 452 459 499 497; x_wconf 87' lang='lat' dir='ltr'><strong>et</strong></span> <span class='ocrx_word' id='word_1_22' title='bbox 521 466 621 496; x_wconf 90' lang='lat' dir='ltr'><strong>non</strong></span> <span class='ocrx_word' id='word_1_23' title='bbox 647 448 961 503; x_wconf 69' lang='lat' dir='ltr'><strong>invenerunt,</strong></span> <span class='ocrx_word' id='word_1_24' title='bbox 995 464 1104 492; x_wconf 90' lang='lat' dir='ltr'><strong>cum</strong></span> <span class='ocrx_word' id='word_1_25' title='bbox 1138 447 1275 493; x_wconf 87' lang='lat' dir='ltr'><strong>multi</strong></span> <span class='ocrx_word' id='word_1_26' title='bbox 1307 445 1409 493; x_wconf 89' lang='lat' dir='ltr'><strong>salsi</strong></span> <span class='ocrx_word' id='word_1_27' title='bbox 1435 456 1574 493; x_wconf 89' lang='lat' dir='ltr'><strong>testes</strong></span> 
     </span>
     <span class='ocr_line' id='line_1_5' title="bbox 157 524 1570 589; baseline -0.004 -14"><span class='ocrx_word' id='word_1_28' title='bbox 157 529 470 576; x_wconf 82' lang='lat' dir='ltr'><strong>accessissent.</strong></span> <span class='ocrx_word' id='word_1_29' title='bbox 506 527 730 589; x_wconf 83' lang='lat' dir='ltr'><strong>Princeps</strong></span> <span class='ocrx_word' id='word_1_30' title='bbox 761 524 1058 572; x_wconf 77' lang='lat' dir='ltr'><strong>sacerdotum</strong></span> <span class='ocrx_word' id='word_1_31' title='bbox 1082 535 1266 572; x_wconf 86' lang='lat' dir='ltr'><strong>tacente</strong></span> <span class='ocrx_word' id='word_1_32' title='bbox 1288 526 1396 571; x_wconf 86' lang='lat' dir='ltr'><strong>Jesu</strong></span> <span class='ocrx_word' id='word_1_33' title='bbox 1420 524 1570 571; x_wconf 82' lang='lat' dir='ltr'>dixit:</span> 
     </span>
     <span class='ocr_line' id='line_1_6' title="bbox 156 602 1576 672; baseline -0.004 -18"><span class='ocrx_word' id='word_1_34' title='bbox 156 607 353 672; x_wconf 80' lang='lat' dir='ltr'><strong>Adjuro</strong></span> <span class='ocrx_word' id='word_1_35' title='bbox 379 618 422 653; x_wconf 83' lang='lat' dir='ltr'><strong>le</strong></span> <span class='ocrx_word' id='word_1_36' title='bbox 444 623 536 672; x_wconf 81' lang='lat' dir='ltr'><strong>per</strong></span> <span class='ocrx_word' id='word_1_37' title='bbox 558 605 716 651; x_wconf 86' lang='lat' dir='ltr'><strong>Deum</strong></span> <span class='ocrx_word' id='word_1_38' title='bbox 745 605 929 661; x_wconf 72' lang='lat' dir='ltr'><strong>vivum,</strong></span> <span class='ocrx_word' id='word_1_39' title='bbox 966 614 1015 650; x_wconf 86' lang='lat' dir='ltr'><strong>ut</strong></span> <span class='ocrx_word' id='word_1_40' title='bbox 1045 602 1185 649; x_wconf 79' lang='lat' dir='ltr'><strong>dicas</strong></span> <span class='ocrx_word' id='word_1_41' title='bbox 1214 602 1352 650; x_wconf 77' lang='lat' dir='ltr'><strong>nobis</strong></span> <span class='ocrx_word' id='word_1_42' title='bbox 1374 604 1418 649; x_wconf 78' lang='lat' dir='ltr'><strong>si</strong></span> <span class='ocrx_word' id='word_1_43' title='bbox 1447 613 1497 648; x_wconf 89' lang='lat' dir='ltr'><strong>tu</strong></span> <span class='ocrx_word' id='word_1_44' title='bbox 1528 620 1576 649; x_wconf 82' lang='lat' dir='ltr'><strong>es</strong></span> 
     </span>
     <span class='ocr_line' id='line_1_7' title="bbox 162 680 1577 731; baseline -0.004 0"><span class='ocrx_word' id='word_1_45' title='bbox 162 686 381 731; x_wconf 70' lang='lat' dir='ltr'><strong>Christus</strong></span> <span class='ocrx_word' id='word_1_46' title='bbox 404 684 562 730; x_wconf 82' lang='lat' dir='ltr'><strong>Filius</strong></span> <span class='ocrx_word' id='word_1_47' title='bbox 586 683 692 729; x_wconf 87' lang='lat' dir='ltr'><strong>Dei.</strong></span> <span class='ocrx_word' id='word_1_48' title='bbox 715 682 843 728; x_wconf 82' lang='lat' dir='ltr'><strong>Dicit</strong></span> <span class='ocrx_word' id='word_1_49' title='bbox 867 681 934 728; x_wconf 86' lang='lat' dir='ltr'><strong>illi</strong></span> <span class='ocrx_word' id='word_1_50' title='bbox 959 682 1066 728; x_wconf 91' lang='lat' dir='ltr'><strong>Jesu</strong></span> <span class='ocrx_word' id='word_1_51' title='bbox 1087 701 1097 726; x_wconf 73' lang='grc' dir='ltr'><strong><em>ε</em></strong></span> <span class='ocrx_word' id='word_1_52' title='bbox 1126 681 1204 726; x_wconf 86' lang='lat' dir='ltr'><strong>Tu</strong></span> <span class='ocrx_word' id='word_1_53' title='bbox 1220 680 1409 727; x_wconf 66' lang='lat' dir='ltr'><strong>dixisti.</strong></span> <span class='ocrx_word' id='word_1_54' title='bbox 1437 680 1577 726; x_wconf 90' lang='lat' dir='ltr'><strong>Tunc</strong></span> 
     </span>
     <span class='ocr_line' id='line_1_8' title="bbox 157 756 1574 826; baseline -0.004 -19"><span class='ocrx_word' id='word_1_55' title='bbox 157 762 378 826; x_wconf 86' lang='lat' dir='ltr'><strong>princeps</strong></span> <span class='ocrx_word' id='word_1_56' title='bbox 415 758 713 808; x_wconf 76' lang='lat' dir='ltr'><strong>sacerdotum</strong></span> <span class='ocrx_word' id='word_1_57' title='bbox 743 758 881 805; x_wconf 86' lang='lat' dir='ltr'><strong>scidit</strong></span> <span class='ocrx_word' id='word_1_58' title='bbox 911 759 1192 806; x_wconf 84' lang='lat' dir='ltr'><strong>vestimenta</strong></span> <span class='ocrx_word' id='word_1_59' title='bbox 1226 774 1335 814; x_wconf 92' lang='lat' dir='ltr'><strong>sua,</strong></span> <span class='ocrx_word' id='word_1_60' title='bbox 1371 756 1530 804; x_wconf 89' lang='lat' dir='ltr'><strong>dicens</strong></span> <span class='ocrx_word' id='word_1_61' title='bbox 1565 777 1574 802; x_wconf 93' lang='lat'>:</span> 
     </span>
     <span class='ocr_line' id='line_1_9' title="bbox 156 832 1582 903; baseline -0.005 -17"><span class='ocrx_word' id='word_1_62' title='bbox 156 836 550 903; x_wconf 68' lang='lat' dir='ltr'><strong>Blasphemavit;</strong></span> <span class='ocrx_word' id='word_1_63' title='bbox 595 836 718 900; x_wconf 80' lang='lat' dir='ltr'><strong>quid</strong></span> <span class='ocrx_word' id='word_1_64' title='bbox 747 835 912 883; x_wconf 79' lang='lat' dir='ltr'><strong>adhuc</strong></span> <span class='ocrx_word' id='word_1_65' title='bbox 946 853 1140 900; x_wconf 78' lang='lat' dir='ltr'><strong>egemus</strong></span> <span class='ocrx_word' id='word_1_66' title='bbox 1174 832 1414 882; x_wconf 78' lang='lat' dir='ltr'><strong>testibus?</strong></span> <span class='ocrx_word' id='word_1_67' title='bbox 1448 834 1582 880; x_wconf 85' lang='lat' dir='ltr'><strong>Ecce</strong></span> 
     </span>
     <span class='ocr_line' id='line_1_10' title="bbox 157 909 1580 980; baseline -0.005 -18"><span class='ocrx_word' id='word_1_68' title='bbox 157 933 286 962; x_wconf 85' lang='lat' dir='ltr'><strong>nunc</strong></span> <span class='ocrx_word' id='word_1_69' title='bbox 323 915 535 962; x_wconf 79' lang='lat' dir='ltr'><strong>audistis</strong></span> <span class='ocrx_word' id='word_1_70' title='bbox 577 913 944 980; x_wconf 76' lang='lat' dir='ltr'><strong>blasphemiam.</strong></span> <span class='ocrx_word' id='word_1_71' title='bbox 993 913 1132 978; x_wconf 79' lang='lat' dir='ltr'><strong>Quid</strong></span> <span class='ocrx_word' id='word_1_72' title='bbox 1171 912 1308 960; x_wconf 79' lang='lat' dir='ltr'><strong>vobis</strong></span> <span class='ocrx_word' id='word_1_73' title='bbox 1347 909 1580 959; x_wconf 76' lang='lat' dir='ltr'><strong>videtur?</strong></span> 
     </span>
     <span class='ocr_line' id='line_1_11' title="bbox 158 989 1581 1057; baseline -0.004 -18"><span class='ocrx_word' id='word_1_74' title='bbox 158 993 222 1040; x_wconf 91' lang='lat' dir='ltr'><strong>At</strong></span> <span class='ocrx_word' id='word_1_75' title='bbox 252 993 319 1039; x_wconf 89' lang='lat' dir='ltr'><strong>illi</strong></span> <span class='ocrx_word' id='word_1_76' title='bbox 344 991 697 1057; x_wconf 82' lang='lat' dir='ltr'><strong>responderunt</strong></span> <span class='ocrx_word' id='word_1_77' title='bbox 732 1011 742 1036; x_wconf 79' lang='grc' dir='ltr'><em>τ</em></span> <span class='ocrx_word' id='word_1_78' title='bbox 779 994 909 1039; x_wconf 79' lang='lat' dir='ltr'><strong>Reus</strong></span> <span class='ocrx_word' id='word_1_79' title='bbox 942 1003 1010 1039; x_wconf 80' lang='lat' dir='ltr'><strong>est</strong></span> <span class='ocrx_word' id='word_1_80' title='bbox 1036 997 1216 1038; x_wconf 81' lang='lat' dir='ltr'><strong>mortis.</strong></span> <span class='ocrx_word' id='word_1_81' title='bbox 1245 991 1386 1037; x_wconf 88' lang='lat' dir='ltr'><strong>Tunc</strong></span> <span class='ocrx_word' id='word_1_82' title='bbox 1410 991 1507 1054; x_wconf 86' lang='lat' dir='ltr'><strong>ejus</strong></span> <span class='ocrx_word' id='word_1_83' title='bbox 1533 989 1581 1034; x_wconf 88' lang='lat' dir='ltr'><strong>in</strong></span> 
     </span>
     <span class='ocr_line' id='line_1_12' title="bbox 159 1066 1584 1136; baseline -0.004 -19"><span class='ocrx_word' id='word_1_84' title='bbox 159 1071 328 1118; x_wconf 86' lang='lat' dir='ltr'><strong>faciem</strong></span> <span class='ocrx_word' id='word_1_85' title='bbox 343 1081 630 1136; x_wconf 76' lang='lat' dir='ltr'>expuerunt,</span> <span class='ocrx_word' id='word_1_86' title='bbox 653 1081 700 1118; x_wconf 89' lang='lat' dir='ltr'><strong>et</strong></span> <span class='ocrx_word' id='word_1_87' title='bbox 721 1070 931 1136; x_wconf 81' lang='lat' dir='ltr'><strong>colaphis</strong></span> <span class='ocrx_word' id='word_1_88' title='bbox 950 1088 1059 1117; x_wconf 91' lang='lat' dir='ltr'><strong>eum</strong></span> <span class='ocrx_word' id='word_1_89' title='bbox 1078 1069 1369 1117; x_wconf 87' lang='lat' dir='ltr'><strong>ceciderunt.</strong></span> <span class='ocrx_word' id='word_1_90' title='bbox 1394 1066 1486 1114; x_wconf 84' lang='lat' dir='ltr'><strong>Alii</strong></span> <span class='ocrx_word' id='word_1_91' title='bbox 1505 1084 1584 1113; x_wconf 92' lang='lat' dir='ltr'><strong>au—</strong></span> 
     </span>
     <span class='ocr_line' id='line_1_13' title="bbox 163 1145 1580 1212; baseline -0.004 -16"><span class='ocrx_word' id='word_1_92' title='bbox 163 1161 258 1197; x_wconf 90' lang='lat' dir='ltr'><strong>tem</strong></span> <span class='ocrx_word' id='word_1_93' title='bbox 278 1149 443 1196; x_wconf 87' lang='lat' dir='ltr'><strong>faciem</strong></span> <span class='ocrx_word' id='word_1_94' title='bbox 465 1150 504 1196; x_wconf 89' lang='lat' dir='ltr'><strong>ei</strong></span> <span class='ocrx_word' id='word_1_95' title='bbox 519 1149 813 1206; x_wconf 83' lang='lat' dir='ltr'><strong>velaverunt,</strong></span> <span class='ocrx_word' id='word_1_96' title='bbox 832 1160 878 1195; x_wconf 88' lang='lat' dir='ltr'><strong>et</strong></span> <span class='ocrx_word' id='word_1_97' title='bbox 890 1148 1128 1212; x_wconf 88' lang='lat' dir='ltr'><strong>palmasin</strong></span> <span class='ocrx_word' id='word_1_98' title='bbox 1143 1147 1312 1194; x_wconf 83' lang='lat' dir='ltr'><strong>faciem</strong></span> <span class='ocrx_word' id='word_1_99' title='bbox 1327 1145 1580 1200; x_wconf 85' lang='lat' dir='ltr'><strong>dederunt,</strong></span> 
     </span>
     <span class='ocr_line' id='line_1_14' title="bbox 161 1210 1585 1293; baseline -0.005 -18"><span class='ocrx_word' id='word_1_100' title='bbox 161 1227 370 1275; x_wconf 84' lang='lat' dir='ltr'><strong>dicentes</strong></span> <span class='ocrx_word' id='word_1_101' title='bbox 398 1248 408 1274; x_wconf 90' lang='lat'>:</span> <span class='ocrx_word' id='word_1_102' title='bbox 440 1210 734 1293; x_wconf 51' lang='lat' dir='ltr'><strong>Prophetizia</strong></span> <span class='ocrx_word' id='word_1_103' title='bbox 759 1227 921 1284; x_wconf 80' lang='lat' dir='ltr'><strong>nobis,</strong></span> <span class='ocrx_word' id='word_1_104' title='bbox 950 1225 1137 1272; x_wconf 78' lang='lat' dir='ltr'><strong>Christe</strong></span> <span class='ocrx_word' id='word_1_105' title='bbox 1168 1244 1178 1270; x_wconf 92' lang='grc'><strong>.·</strong></span> <span class='ocrx_word' id='word_1_106' title='bbox 1213 1226 1319 1289; x_wconf 80' lang='lat' dir='ltr'><strong>quis</strong></span> <span class='ocrx_word' id='word_1_107' title='bbox 1349 1234 1416 1270; x_wconf 80' lang='lat' dir='ltr'><strong>est</strong></span> <span class='ocrx_word' id='word_1_108' title='bbox 1440 1224 1525 1288; x_wconf 82' lang='lat' dir='ltr'><strong>qui</strong></span> <span class='ocrx_word' id='word_1_109' title='bbox 1543 1234 1585 1268; x_wconf 83' lang='lat' dir='ltr'><strong>te</strong></span> 
     </span>
     <span class='ocr_line' id='line_1_15' title="bbox 154 1302 1584 1372; baseline -0.004 -20"><span class='ocrx_word' id='word_1_110' title='bbox 154 1305 432 1372; x_wconf 74' lang='lat' dir='ltr'><strong>percussit?</strong></span> <span class='ocrx_word' id='word_1_111' title='bbox 459 1307 570 1353; x_wconf 84' lang='lat' dir='ltr'><strong>Haec</strong></span> <span class='ocrx_word' id='word_1_112' title='bbox 598 1306 884 1371; x_wconf 78' lang='lat' dir='ltr'><strong>intelligitur</strong></span> <span class='ocrx_word' id='word_1_113' title='bbox 907 1315 1048 1352; x_wconf 90' lang='lat' dir='ltr'><strong>nocte</strong></span> <span class='ocrx_word' id='word_1_114' title='bbox 1076 1322 1236 1369; x_wconf 85' lang='lat' dir='ltr'><strong>passus</strong></span> <span class='ocrx_word' id='word_1_115' title='bbox 1267 1303 1501 1351; x_wconf 89' lang='lat' dir='ltr'><strong>Dominus</strong></span> <span class='ocrx_word' id='word_1_116' title='bbox 1536 1302 1584 1347; x_wconf 91' lang='lat' dir='ltr'><strong>in</strong></span> 
     </span>
     <span class='ocr_line' id='line_1_16' title="bbox 161 1379 1583 1450; baseline -0.005 -18"><span class='ocrx_word' id='word_1_117' title='bbox 161 1385 306 1432; x_wconf 85' lang='lat' dir='ltr'><strong>domo</strong></span> <span class='ocrx_word' id='word_1_118' title='bbox 319 1385 549 1450; x_wconf 83' lang='lat' dir='ltr'><strong>principis</strong></span> <span class='ocrx_word' id='word_1_119' title='bbox 563 1384 862 1433; x_wconf 83' lang='lat' dir='ltr'><strong>sacerdotum</strong></span> <span class='ocrx_word' id='word_1_120' title='bbox 872 1421 883 1441; x_wconf 92' lang='lat'><strong>‚</strong></span> <span class='ocrx_word' id='word_1_121' title='bbox 897 1400 995 1449; x_wconf 89' lang='lat' dir='ltr'><strong>quo</strong></span> <span class='ocrx_word' id='word_1_122' title='bbox 1007 1384 1139 1448; x_wconf 88' lang='lat' dir='ltr'><strong>prius</strong></span> <span class='ocrx_word' id='word_1_123' title='bbox 1152 1382 1382 1430; x_wconf 90' lang='lat' dir='ltr'><strong>adductus</strong></span> <span class='ocrx_word' id='word_1_124' title='bbox 1393 1391 1462 1429; x_wconf 87' lang='lat' dir='ltr'><strong>est</strong></span> <span class='ocrx_word' id='word_1_125' title='bbox 1471 1400 1484 1438; x_wconf 79' lang='lat'>3</span> <span class='ocrx_word' id='word_1_126' title='bbox 1503 1379 1583 1426; x_wconf 86' lang='lat' dir='ltr'><strong>ubi</strong></span> 
     </span>
     <span class='ocr_line' id='line_1_17' title="bbox 161 1461 1584 1511; baseline -0.004 -1"><span class='ocrx_word' id='word_1_127' title='bbox 161 1465 302 1511; x_wconf 88' lang='lat' dir='ltr'><strong>etiam</strong></span> <span class='ocrx_word' id='word_1_128' title='bbox 319 1464 444 1510; x_wconf 83' lang='lat' dir='ltr'><strong>inter</strong></span> <span class='ocrx_word' id='word_1_129' title='bbox 460 1462 538 1509; x_wconf 89' lang='lat' dir='ltr'><strong>has</strong></span> <span class='ocrx_word' id='word_1_130' title='bbox 557 1463 750 1510; x_wconf 88' lang='lat' dir='ltr'><strong>Domini</strong></span> <span class='ocrx_word' id='word_1_131' title='bbox 770 1461 1079 1511; x_wconf 83' lang='lat' dir='ltr'><strong>contumelias</strong></span> <span class='ocrx_word' id='word_1_132' title='bbox 1096 1462 1263 1508; x_wconf 84' lang='lat' dir='ltr'><strong>Petrus</strong></span> <span class='ocrx_word' id='word_1_133' title='bbox 1281 1469 1488 1507; x_wconf 88' lang='lat' dir='ltr'><strong>tentatus</strong></span> <span class='ocrx_word' id='word_1_134' title='bbox 1502 1469 1584 1505; x_wconf 89' lang='lat' dir='ltr'><strong>est.</strong></span> 
     </span>
     <span class='ocr_line' id='line_1_18' title="bbox 164 1538 1587 1608; baseline -0.004 -20"><span class='ocrx_word' id='word_1_135' title='bbox 164 1543 308 1588; x_wconf 83' lang='lat' dir='ltr'><strong>Trina</strong></span> <span class='ocrx_word' id='word_1_136' title='bbox 334 1543 524 1608; x_wconf 84' lang='lat' dir='ltr'><strong>negatio</strong></span> <span class='ocrx_word' id='word_1_137' title='bbox 547 1542 675 1589; x_wconf 86' lang='lat' dir='ltr'><strong>Petri</strong></span> <span class='ocrx_word' id='word_1_138' title='bbox 701 1551 858 1606; x_wconf 87' lang='lat' dir='ltr'><strong>coepta</strong></span> <span class='ocrx_word' id='word_1_139' title='bbox 885 1551 953 1589; x_wconf 86' lang='lat' dir='ltr'><strong>est</strong></span> <span class='ocrx_word' id='word_1_140' title='bbox 977 1550 1086 1587; x_wconf 85' lang='lat' dir='ltr'><strong>ante</strong></span> <span class='ocrx_word' id='word_1_141' title='bbox 1112 1540 1324 1605; x_wconf 90' lang='lat' dir='ltr'><strong>primum</strong></span> <span class='ocrx_word' id='word_1_142' title='bbox 1343 1538 1453 1604; x_wconf 78' lang='lat' dir='ltr'><strong>galli</strong></span> <span class='ocrx_word' id='word_1_143' title='bbox 1480 1555 1587 1584; x_wconf 88' lang='lat' dir='ltr'><strong>can-</strong></span> 
     </span>
     <span class='ocr_line' id='line_1_19' title="bbox 163 1616 1584 1685; baseline -0.003 -19"><span class='ocrx_word' id='word_1_144' title='bbox 163 1631 289 1679; x_wconf 86' lang='lat' dir='ltr'><strong>tum,</strong></span> <span class='ocrx_word' id='word_1_145' title='bbox 319 1631 366 1669; x_wconf 91' lang='lat' dir='ltr'><strong>et</strong></span> <span class='ocrx_word' id='word_1_146' title='bbox 396 1631 505 1668; x_wconf 87' lang='lat' dir='ltr'><strong>ante</strong></span> <span class='ocrx_word' id='word_1_147' title='bbox 541 1621 803 1668; x_wconf 85' lang='lat' dir='ltr'><strong>secundum</strong></span> <span class='ocrx_word' id='word_1_148' title='bbox 834 1630 1021 1685; x_wconf 86' lang='lat' dir='ltr'><strong>peracta</strong></span> <span class='ocrx_word' id='word_1_149' title='bbox 1050 1622 1185 1684; x_wconf 86' lang='lat' dir='ltr'><strong>juxta</strong></span> <span class='ocrx_word' id='word_1_150' title='bbox 1220 1619 1452 1665; x_wconf 80' lang='lat' dir='ltr'><strong>Marcum.</strong></span> <span class='ocrx_word' id='word_1_151' title='bbox 1492 1616 1584 1663; x_wconf 91' lang='lat' dir='ltr'><strong>Alii</strong></span> 
     </span>
     <span class='ocr_line' id='line_1_20' title="bbox 165 1696 1588 1765; baseline -0.002 -20"><span class='ocrx_word' id='word_1_152' title='bbox 165 1710 257 1746; x_wconf 87' lang='lat' dir='ltr'><strong>tres</strong></span> <span class='ocrx_word' id='word_1_153' title='bbox 281 1700 590 1747; x_wconf 87' lang='lat' dir='ltr'><strong>attenderunt</strong></span> <span class='ocrx_word' id='word_1_154' title='bbox 607 1700 737 1765; x_wconf 87' lang='lat' dir='ltr'><strong>quod</strong></span> <span class='ocrx_word' id='word_1_155' title='bbox 757 1709 866 1746; x_wconf 88' lang='lat' dir='ltr'><strong>ante</strong></span> <span class='ocrx_word' id='word_1_156' title='bbox 881 1700 1094 1764; x_wconf 88' lang='lat' dir='ltr'><strong>primum</strong></span> <span class='ocrx_word' id='word_1_157' title='bbox 1109 1699 1359 1746; x_wconf 79' lang='lat' dir='ltr'><strong>affectione</strong></span> <span class='ocrx_word' id='word_1_158' title='bbox 1377 1696 1522 1743; x_wconf 88' lang='lat' dir='ltr'><strong>animi</strong></span> <span class='ocrx_word' id='word_1_159' title='bbox 1542 1707 1588 1743; x_wconf 87' lang='lat' dir='ltr'><strong>et</strong></span> 
     </span>
     <span class='ocr_line' id='line_1_21' title="bbox 164 1776 1589 1842; baseline -0.001 -20"><span class='ocrx_word' id='word_1_160' title='bbox 164 1778 337 1825; x_wconf 81' lang='lat' dir='ltr'><strong>timore</strong></span> <span class='ocrx_word' id='word_1_161' title='bbox 358 1778 484 1825; x_wconf 87' lang='lat' dir='ltr'><strong>Petri</strong></span> <span class='ocrx_word' id='word_1_162' title='bbox 510 1788 608 1824; x_wconf 78' lang='lat' dir='ltr'><strong>tota</strong></span> <span class='ocrx_word' id='word_1_163' title='bbox 629 1777 723 1824; x_wconf 75' lang='lat' dir='ltr'><strong>fuit</strong></span> <span class='ocrx_word' id='word_1_164' title='bbox 743 1787 991 1842; x_wconf 89' lang='lat' dir='ltr'><strong>concepta.</strong></span> <span class='ocrx_word' id='word_1_165' title='bbox 1016 1776 1230 1823; x_wconf 88' lang='lat' dir='ltr'><strong>Tandem</strong></span> <span class='ocrx_word' id='word_1_166' title='bbox 1245 1777 1413 1822; x_wconf 85' lang='lat' dir='ltr'><strong>Petrus</strong></span> <span class='ocrx_word' id='word_1_167' title='bbox 1432 1791 1589 1822; x_wconf 84' lang='lat' dir='ltr'><strong>recor-</strong></span> 
     </span>
     <span class='ocr_line' id='line_1_22' title="bbox 164 1853 1587 1919; baseline -0.002 -18"><span class='ocrx_word' id='word_1_168' title='bbox 164 1855 298 1902; x_wconf 89' lang='lat' dir='ltr'><strong>datus</strong></span> <span class='ocrx_word' id='word_1_169' title='bbox 322 1865 391 1902; x_wconf 88' lang='lat' dir='ltr'><strong>est</strong></span> <span class='ocrx_word' id='word_1_170' title='bbox 406 1854 538 1902; x_wconf 87' lang='lat' dir='ltr'><strong>verbi</strong></span> <span class='ocrx_word' id='word_1_171' title='bbox 560 1856 692 1911; x_wconf 89' lang='lat' dir='ltr'><strong>Jesu,</strong></span> <span class='ocrx_word' id='word_1_172' title='bbox 715 1855 845 1919; x_wconf 89' lang='lat' dir='ltr'><strong>quod</strong></span> <span class='ocrx_word' id='word_1_173' title='bbox 862 1854 1047 1902; x_wconf 85' lang='lat' dir='ltr'><strong>dixerat</strong></span> <span class='ocrx_word' id='word_1_174' title='bbox 1067 1874 1078 1899; x_wconf 89' lang='lat'><em>:</em></span> <span class='ocrx_word' id='word_1_175' title='bbox 1102 1854 1401 1917; x_wconf 80' lang='lat' dir='ltr'><strong>Priusquam</strong></span> <span class='ocrx_word' id='word_1_176' title='bbox 1421 1853 1587 1917; x_wconf 76' lang='lat' dir='ltr'><strong>gallus</strong></span> 
     </span>
     <span class='ocr_line' id='line_1_23' title="bbox 167 1930 1586 1996; baseline -0.002 -19"><span class='ocrx_word' id='word_1_177' title='bbox 167 1943 342 1990; x_wconf 78' lang='lat' dir='ltr'><strong>cantet,</strong></span> <span class='ocrx_word' id='word_1_178' title='bbox 361 1943 513 1978; x_wconf 78' lang='lat' dir='ltr'><strong>terme</strong></span> <span class='ocrx_word' id='word_1_179' title='bbox 527 1932 745 1996; x_wconf 77' lang='lat' dir='ltr'><strong>negabis.</strong></span> <span class='ocrx_word' id='word_1_180' title='bbox 760 1932 823 1977; x_wconf 88' lang='lat' dir='ltr'><strong>Et</strong></span> <span class='ocrx_word' id='word_1_181' title='bbox 836 1949 1044 1995; x_wconf 76' lang='lat' dir='ltr'><strong>egressus</strong></span> <span class='ocrx_word' id='word_1_182' title='bbox 1060 1931 1186 1977; x_wconf 85' lang='lat' dir='ltr'><strong>foras</strong></span> <span class='ocrx_word' id='word_1_183' title='bbox 1198 1931 1330 1977; x_wconf 71' lang='lat' dir='ltr'><strong>{levit</strong></span> <span class='ocrx_word' id='word_1_184' title='bbox 1341 1932 1520 1992; x_wconf 81' lang='lat' dir='ltr'><strong>amare(</strong></span> <span class='ocrx_word' id='word_1_185' title='bbox 1531 1949 1544 1974; x_wconf 93' lang='lat'>1</span> <span class='ocrx_word' id='word_1_186' title='bbox 1557 1930 1586 1990; x_wconf 84' lang='lat'><strong>).</strong></span> 
     </span>
    </p>

    <p class='ocr_par' dir='ltr' id='par_1_3' title="bbox 164 2008 1591 2543">
     <span class='ocr_line' id='line_1_24' title="bbox 230 2008 1589 2073; baseline -0.003 -16"><span class='ocrx_word' id='word_1_187' title='bbox 230 2010 450 2057; x_wconf 83' lang='lat' dir='ltr'><strong>Pontifex</strong></span> <span class='ocrx_word' id='word_1_188' title='bbox 486 2011 645 2058; x_wconf 90' lang='lat' dir='ltr'><strong>Jesum</strong></span> <span class='ocrx_word' id='word_1_189' title='bbox 685 2010 998 2073; x_wconf 68' lang='lat' dir='ltr'><strong>interrogavit</strong></span> <span class='ocrx_word' id='word_1_190' title='bbox 1035 2009 1092 2055; x_wconf 89' lang='lat' dir='ltr'><strong>de</strong></span> <span class='ocrx_word' id='word_1_191' title='bbox 1131 2008 1372 2073; x_wconf 86' lang='lat' dir='ltr'><strong>discipulis</strong></span> <span class='ocrx_word' id='word_1_192' title='bbox 1413 2008 1506 2053; x_wconf 88' lang='lat' dir='ltr'><strong>suis</strong></span> <span class='ocrx_word' id='word_1_193' title='bbox 1541 2017 1589 2054; x_wconf 88' lang='lat' dir='ltr'><strong>et</strong></span> 
     </span>
     <span class='ocr_line' id='line_1_25' title="bbox 164 2085 1589 2151; baseline -0.003 -17"><span class='ocrx_word' id='word_1_194' title='bbox 164 2088 381 2135; x_wconf 86' lang='lat' dir='ltr'><strong>doctrina</strong></span> <span class='ocrx_word' id='word_1_195' title='bbox 416 2089 530 2151; x_wconf 86' lang='lat' dir='ltr'><strong>ejus.</strong></span> <span class='ocrx_word' id='word_1_196' title='bbox 571 2086 835 2150; x_wconf 85' lang='lat' dir='ltr'><strong>Respondit</strong></span> <span class='ocrx_word' id='word_1_197' title='bbox 867 2088 906 2134; x_wconf 89' lang='lat' dir='ltr'><strong>ei</strong></span> <span class='ocrx_word' id='word_1_198' title='bbox 948 2087 1078 2132; x_wconf 81' lang='lat' dir='ltr'><strong>Jcsus</strong></span> <span class='ocrx_word' id='word_1_199' title='bbox 1116 2107 1125 2131; x_wconf 90' lang='lat'><strong>:</strong></span> <span class='ocrx_word' id='word_1_200' title='bbox 1165 2087 1278 2151; x_wconf 73' lang='lat' dir='ltr'><strong>Ego</strong></span> <span class='ocrx_word' id='word_1_201' title='bbox 1310 2086 1479 2150; x_wconf 74' lang='lat' dir='ltr'><strong>palam</strong></span> <span class='ocrx_word' id='word_1_202' title='bbox 1513 2085 1589 2131; x_wconf 88' lang='lat' dir='ltr'><strong>lo-</strong></span> 
     </span>
     <span class='ocr_line' id='line_1_26' title="bbox 165 2164 1589 2230; baseline -0.003 -18"><span class='ocrx_word' id='word_1_203' title='bbox 165 2177 300 2212; x_wconf 81' lang='lat' dir='ltr'><strong>cutus</strong></span> <span class='ocrx_word' id='word_1_204' title='bbox 324 2183 429 2212; x_wconf 81' lang='lat' dir='ltr'><strong>sum</strong></span> <span class='ocrx_word' id='word_1_205' title='bbox 459 2166 507 2210; x_wconf 80' lang='lat' dir='ltr'><strong>in</strong></span> <span class='ocrx_word' id='word_1_206' title='bbox 535 2164 716 2211; x_wconf 76' lang='lat' dir='ltr'><em>112chde</em></span> <span class='ocrx_word' id='word_1_207' title='bbox 726 2202 741 2222; x_wconf 86' lang='lat'><em>‚</em></span> <span class='ocrx_word' id='word_1_208' title='bbox 769 2182 855 2229; x_wconf 76' lang='lat' dir='ltr'><strong>ego</strong></span> <span class='ocrx_word' id='word_1_209' title='bbox 876 2165 1053 2230; x_wconf 82' lang='lat' dir='ltr'><strong>palam</strong></span> <span class='ocrx_word' id='word_1_210' title='bbox 1084 2165 1234 2211; x_wconf 81' lang='lat' dir='ltr'><strong>(locui</strong></span> <span class='ocrx_word' id='word_1_211' title='bbox 1259 2165 1306 2210; x_wconf 78' lang='lat' dir='ltr'><strong>in</strong></span> <span class='ocrx_word' id='word_1_212' title='bbox 1332 2180 1589 2228; x_wconf 77' lang='lat' dir='ltr'><strong>synagoga</strong></span> 
     </span>
     <span class='ocr_line' id='line_1_27' title="bbox 165 2243 1590 2309; baseline -0.001 -19"><span class='ocrx_word' id='word_1_213' title='bbox 165 2255 209 2290; x_wconf 81' lang='lat' dir='ltr'><strong>et</strong></span> <span class='ocrx_word' id='word_1_214' title='bbox 231 2247 280 2291; x_wconf 86' lang='lat' dir='ltr'><strong>in</strong></span> <span class='ocrx_word' id='word_1_215' title='bbox 301 2243 500 2309; x_wconf 75' lang='lat' dir='ltr'><strong>templo,</strong></span> <span class='ocrx_word' id='word_1_216' title='bbox 529 2260 623 2307; x_wconf 84' lang='lat' dir='ltr'><strong>quo</strong></span> <span class='ocrx_word' id='word_1_217' title='bbox 642 2261 805 2290; x_wconf 80' lang='lat' dir='ltr'><strong>omnes</strong></span> <span class='ocrx_word' id='word_1_218' title='bbox 824 2243 864 2290; x_wconf 92' lang='lat' dir='ltr'><strong><em>J</em></strong></span> <span class='ocrx_word' id='word_1_219' title='bbox 865 2243 999 2289; x_wconf 83' lang='lat' dir='ltr'><strong>udcei</strong></span> <span class='ocrx_word' id='word_1_220' title='bbox 1014 2243 1327 2297; x_wconf 52' lang='lat' dir='ltr'><strong>conventum&amp;</strong></span> <span class='ocrx_word' id='word_1_221' title='bbox 1354 2253 1397 2287; x_wconf 82' lang='lat' dir='ltr'><strong>et</strong></span> <span class='ocrx_word' id='word_1_222' title='bbox 1427 2243 1476 2287; x_wconf 85' lang='lat' dir='ltr'><strong>in</strong></span> <span class='ocrx_word' id='word_1_223' title='bbox 1504 2259 1590 2288; x_wconf 82' lang='lat' dir='ltr'><strong>oc-</strong></span> 
     </span>
     <span class='ocr_line' id='line_1_28' title="bbox 166 2319 1589 2386; baseline -0.004 -16"><span class='ocrx_word' id='word_1_224' title='bbox 166 2322 294 2370; x_wconf 82' lang='lat' dir='ltr'><strong>culto</strong></span> <span class='ocrx_word' id='word_1_225' title='bbox 321 2322 506 2369; x_wconf 83' lang='lat' dir='ltr'><strong>locutus</strong></span> <span class='ocrx_word' id='word_1_226' title='bbox 532 2340 636 2368; x_wconf 80' lang='lat' dir='ltr'><strong>sum</strong></span> <span class='ocrx_word' id='word_1_227' title='bbox 662 2322 802 2368; x_wconf 77' lang='lat' dir='ltr'><strong>nilzil.</strong></span> <span class='ocrx_word' id='word_1_228' title='bbox 838 2322 977 2386; x_wconf 76' lang='lat' dir='ltr'><strong>Quid</strong></span> <span class='ocrx_word' id='word_1_229' title='bbox 1002 2340 1074 2368; x_wconf 83' lang='lat' dir='ltr'><strong>me</strong></span> <span class='ocrx_word' id='word_1_230' title='bbox 1100 2319 1406 2386; x_wconf 76' lang='lat' dir='ltr'><strong>interrogas?</strong></span> <span class='ocrx_word' id='word_1_231' title='bbox 1429 2321 1589 2366; x_wconf 80' lang='lat' dir='ltr'><strong>Inter-</strong></span> 
     </span>
     <span class='ocr_line' id='line_1_29' title="bbox 167 2396 1591 2466; baseline 0 -21"><span class='ocrx_word' id='word_1_232' title='bbox 167 2417 283 2463; x_wconf 80' lang='lat' dir='ltr'><strong>roga</strong></span> <span class='ocrx_word' id='word_1_233' title='bbox 308 2417 387 2447; x_wconf 83' lang='lat' dir='ltr'><strong>eos</strong></span> <span class='ocrx_word' id='word_1_234' title='bbox 411 2401 495 2464; x_wconf 87' lang='lat' dir='ltr'><strong>qui</strong></span> <span class='ocrx_word' id='word_1_235' title='bbox 513 2400 771 2446; x_wconf 79' lang='lat' dir='ltr'><strong>audierunt</strong></span> <span class='ocrx_word' id='word_1_236' title='bbox 795 2401 918 2466; x_wconf 84' lang='lat' dir='ltr'><strong>quid</strong></span> <span class='ocrx_word' id='word_1_237' title='bbox 944 2400 1130 2448; x_wconf 78' lang='lat' dir='ltr'><strong>locutus</strong></span> <span class='ocrx_word' id='word_1_238' title='bbox 1157 2418 1263 2447; x_wconf 76' lang='lat' dir='ltr'><strong>sum</strong></span> <span class='ocrx_word' id='word_1_239' title='bbox 1292 2400 1428 2465; x_wconf 75' lang='lat' dir='ltr'><strong>ipsis.</strong></span> <span class='ocrx_word' id='word_1_240' title='bbox 1457 2396 1591 2446; x_wconf 80' lang='lat' dir='ltr'><strong>Ecce</strong></span> 
     </span>
     <span class='ocr_line' id='line_1_30' title="bbox 168 2477 1586 2543; baseline 0 -21"><span class='ocrx_word' id='word_1_241' title='bbox 168 2477 220 2524; x_wconf 73' lang='lat' dir='ltr'><strong>ln·</strong></span> <span class='ocrx_word' id='word_1_242' title='bbox 242 2479 401 2525; x_wconf 78' lang='lat' dir='ltr'><strong>sciunt</strong></span> <span class='ocrx_word' id='word_1_243' title='bbox 426 2494 535 2542; x_wconf 82' lang='lat' dir='ltr'><strong>quoe</strong></span> <span class='ocrx_word' id='word_1_244' title='bbox 553 2478 763 2525; x_wconf 69' lang='lat' dir='ltr'><strong>dia-erim</strong></span> <span class='ocrx_word' id='word_1_245' title='bbox 783 2496 889 2543; x_wconf 84' lang='lat' dir='ltr'><strong>ego.</strong></span> <span class='ocrx_word' id='word_1_246' title='bbox 917 2479 1030 2524; x_wconf 85' lang='lat' dir='ltr'><strong>Haec</strong></span> <span class='ocrx_word' id='word_1_247' title='bbox 1059 2489 1218 2525; x_wconf 86' lang='lat' dir='ltr'><strong>autem</strong></span> <span class='ocrx_word' id='word_1_248' title='bbox 1237 2495 1347 2525; x_wconf 87' lang='lat' dir='ltr'><strong>cum</strong></span> <span class='ocrx_word' id='word_1_249' title='bbox 1366 2477 1559 2524; x_wconf 88' lang='lat' dir='ltr'><strong>dixisset</strong></span> <span class='ocrx_word' id='word_1_250' title='bbox 1572 2513 1586 2533; x_wconf 86' lang='lat'><em>‚</em></span> 
     </span>
    </p>
   </div>
   <div class='ocr_carea' id='block_1_3' title="bbox 167 2660 1586 2770">
    <p class='ocr_par' dir='ltr' id='par_1_4' title="bbox 167 2660 1586 2770">
     <span class='ocr_line' id='line_1_31' title="bbox 213 2660 1586 2711; baseline -0.001 -16"><span class='ocrx_word' id='word_1_251' title='bbox 213 2662 261 2706; x_wconf 86' lang='lat'><strong>(1)</strong></span> <span class='ocrx_word' id='word_1_252' title='bbox 288 2660 419 2696; x_wconf 76' lang='lat' dir='ltr'><strong>matth.</strong></span> <span class='ocrx_word' id='word_1_253' title='bbox 455 2674 564 2704; x_wconf 67' lang='lat' dir='ltr'><strong>xxvi,</strong></span> <span class='ocrx_word' id='word_1_254' title='bbox 598 2661 737 2711; x_wconf 80' lang='lat'>59-75;</span> <span class='ocrx_word' id='word_1_255' title='bbox 766 2664 877 2698; x_wconf 75' lang='lat' dir='ltr'><strong>Marc.</strong></span> <span class='ocrx_word' id='word_1_256' title='bbox 916 2677 967 2698; x_wconf 62' lang='lat' dir='ltr'><strong>xix</strong></span> <span class='ocrx_word' id='word_1_257' title='bbox 990 2693 996 2702; x_wconf 77' lang='grc'>,</span> <span class='ocrx_word' id='word_1_258' title='bbox 1031 2662 1164 2711; x_wconf 71' lang='lat'><strong>55-72:</strong></span> <span class='ocrx_word' id='word_1_259' title='bbox 1199 2664 1283 2699; x_wconf 88' lang='lat' dir='ltr'><strong>Luc.</strong></span> <span class='ocrx_word' id='word_1_260' title='bbox 1322 2675 1397 2696; x_wconf 73' lang='lat' dir='ltr'><strong>xxii</strong></span> <span class='ocrx_word' id='word_1_261' title='bbox 1419 2691 1426 2701; x_wconf 79' lang='grc'>,</span> <span class='ocrx_word' id='word_1_262' title='bbox 1454 2661 1586 2708; x_wconf 80' lang='lat'><strong>56-71.</strong></span> 
     </span>
     <span class='ocr_line' id='line_1_32' title="bbox 167 2721 576 2770; baseline 0.007 -17"><span class='ocrx_word' id='word_1_263' title='bbox 167 2721 295 2755; x_wconf 62' lang='lat' dir='ltr'><strong>joann.</strong></span> <span class='ocrx_word' id='word_1_264' title='bbox 317 2734 431 2762; x_wconf 79' lang='lat' dir='ltr'><strong>xvm,</strong></span> <span class='ocrx_word' id='word_1_265' title='bbox 457 2733 576 2770; x_wconf 76' lang='lat'><em>15-27.</em></span> 
     </span>
    </p>
   </div>
  </div>
 </body>
</html>
