1738 3043
210 234 261 269 06
571 227 814 267 HISTORIA
843 228 1244 268 ECCLESIASTICA.

210 327 317 374 quae
341 310 436 372 ipse
453 305 680 353 Eusebius
698 306 756 354 (le
772 318 971 373 utraque
985 307 1192 354 editione
1209 308 1298 371 (1),
1323 319 1375 354 ut
1387 307 1476 355 sibi
1492 309 1618 357 vide-¹

214 386 375 442 batur,
404 386 698 449 composuit,
727 386 838 432 anni
871 396 981 432 sunt
1010 387 1224 450 quinque
1255 386 1401 433 millia
1425 387 1616 436 ducenti

213 463 380 528 viginti
407 472 534 508 octo.

278 540 419 587 Anno
444 545 586 585 Χνιιι0
609 540 792 603 imperii
820 539 1025 595 Tiberii,
1049 540 1280 587 Dominus
1303 559 1381 588 sua
1405 543 1620 606 passione

214 615 446 663 mundum
461 615 684 670 redemit,
706 626 753 662 et
772 617 925 663 xictor
943 634 967 661 a
990 618 1190 662 mortuis
1213 618 1350 665 tertia
1372 618 1447 666 die
1466 636 1621 667 resur-

213 711 324 757 gens
337 728 350 749 ‚
378 691 593 739 fidelihus
612 692 706 737 suis
725 691 999 738 manifestus
1018 694 1261 756 apparuit,
1284 705 1330 741 et
1349 703 1428 742 Χιθ
1452 695 1528 743 die
1549 696 1624 742 vi-

213 770 435 818 dentibus
474 770 562 816 illis
602 770 648 816 in
689 769 865 816 coelum
900 771 1124 817 ascendit.
1163 771 1370 836 Agrippa
1387 808 1400 830 ,
1440 789 1625 839 cogno-

214 857 378 894 mento
403 846 608 894 Herodes
626 884 638 904 ‚
668 846 792 892 filius
820 846 1084 893 Aristoboli
1120 847 1204 893 filii
1239 849 1438 896 Herodis
1473 850 1621 914 regis,

215 935 458 972 accusator
482 923 678 970 Herodis
705 922 954 970 tetrarchae
969 959 982 980 ‚
1005 925 1205 971 Romam
1223 926 1463 989 profectus
1487 945 1511 974 a
1537 928 1627 973 Ti-

216 1002 350 1049 berio
377 1003 423 1047 in
457 1001 642 1047 vincula
669 1001 923 1065 conjicitur
950 1002 1051 1065 (2);
1081 1001 1160 1047 ubi
1192 1003 1424 1067 plurimos
1447 1003 1534 1051 sibi
1570 1005 1627 1051 ad

217 1080 473 1126 amicitiam
492 1079 674 1138 ascivit,
691 1090 738 1125 et
756 1080 957 1126 maxime
975 1079 1147 1125 Gaium
1163 1079 1434 1129 Germanici
1454 1082 1624 1129 filium.

281 1156 423 1203 Gaius
449 1192 462 1213 ,
502 1166 824 1221 cognomento
862 1156 1069 1221 Caligola
1088 1192 1101 1213 ,
1139 1158 1353 1222 regnavit
1390 1176 1540 1207 annos
1575 1176 1628 1206 111

217 1253 397 1282 menses
421 1251 451 1280 x
470 1245 516 1281 et
531 1234 627 1281 dies
650 1250 756 1280 vm.
779 1235 866 1281 Hic
887 1234 1123 1282 Herodem
1146 1235 1405 1300 Agrippam
1426 1238 1630 1285 amicum

218 1331 355 1360 suum
369 1349 382 1370 ‚
404 1311 604 1358 vinculis
623 1311 899 1368 liberatum,
924 1330 1084 1378 regem
1100 1312 1276 1360 Judaeae
1295 1313 1410 1361 fecit
1431 1315 1525 1378 (3);
1547 1315 1630 1380 qui

219 1401 464 1456 permanet
485 1391 531 1436 in
555 1407 702 1454 regno
724 1407 790 1437 vu
812 1391 971 1447 annis,
996 1390 1043 1436 id
1064 1400 1133 1437 est
1157 1408 1306 1455 usque
1328 1391 1385 1437 ad
1408 1402 1633 1456 quartum

221 1467 400 1514 Claudii
441 1485 637 1513 annum.
679 1467 786 1527 Quo
829 1465 887 1512 ab
919 1467 1086 1532 angelo
1129 1484 1349 1532 percusso
1366 1503 1380 1526 ‚
1424 1468 1633 1533 Agrippa

222 1546 344 1593 filius
365 1549 460 1609 ejus
482 1546 530 1591 in
549 1562 697 1611 regno
716 1546 935 1592 successit
949 1581 961 1602 ,
986 1556 1033 1592 et
1051 1562 1197 1610 usque
1221 1544 1277 1591 ad
1296 1547 1634 1593 exterminium

219 1624 243 1669 J
250 1623 495 1670 udaeorum
519 1639 641 1669 xxvi
668 1622 803 1668 annis
822 1623 1151 1685 perseveravit.
1173 1622 1380 1670 Herodes
1402 1622 1634 1670 tetrarcha

222 1711 268 1746 et
308 1701 402 1765 ipsc
443 1700 546 1747 Gaii
589 1699 847 1745 amicitiam
892 1710 1056 1763 petens
1080 1735 1095 1758 ,
1135 1711 1330 1763 cogente
1374 1699 1637 1747 Herodiade

225 1779 424 1825 Romam
455 1778 603 1825 venit.
648 1776 738 1823 Sed
774 1787 1012 1824 accusatus
1045 1776 1103 1823 ab
1142 1777 1349 1842 Agrippa
1386 1777 1528 1824 etiam
1562 1787 1636 1824 te-

271 2014 320 2056 (i)
346 2010 583 2046 C'est-a-dire
601 2010 742 2056 d'apres
759 2009 792 2044 le
819 2016 914 2044 texte
941 2009 1127 2044 anterieur
1152 2011 1172 2043 a
1196 2008 1381 2056 Origene,
1401 2015 1438 2044 et
1461 2008 1554 2044 celui
1572 2009 1636 2056 qui

225 2072 316 2105 avait
334 2073 391 2105 ete
409 2071 553 2115 corrige
570 2082 634 2116 par
653 2070 717 2104 lui.
744 2069 805 2105 On
825 2069 983 2117 appelait
1002 2069 1035 2104 le
1060 2070 1219 2117 premier
1236 2084 1243 2103 :
1265 2068 1375 2104 editio
1396 2069 1581 2115 vulgaris,
1600 2076 1637 2104 et

227 2132 258 2165 le
277 2130 410 2166 second
432 2146 437 2163 z
460 2130 569 2164 editio
586 2129 813 2176 lzexaplaris.

273 2193 321 2235 (2)
338 2192 406 2226 Cet
428 2192 641 2225 evenement
663 2197 716 2224 est
744 2189 794 2223 du
818 2189 910 2223 mois
937 2188 982 2223 de
1006 2188 1211 2234 septembre
1234 2187 1279 2222 de
1300 2187 1371 2222 l’an
1388 2186 1432 2235 37
1449 2187 1493 2222 de
1511 2189 1635 2223 Jesus-

227 2250 371 2291 Christ,
388 2249 537 2283 environ
557 2249 610 2282 six
630 2249 721 2282 mois
741 2254 846 2281 avant
866 2247 897 2280 la
917 2253 1014 2280 mort
1029 2245 1074 2280 de
1092 2246 1239 2281 Tibere.

275 2306 324 2352 (3)
355 2308 471 2351 (Mars
506 2305 615 2354 37-24
632 2306 773 2350 jam-ier
810 2308 880 2349 41).
913 2304 1076 2350 Caligula
1115 2317 1159 2339 ne
1193 2305 1314 2339 donna
1348 2315 1411 2351 pas
1439 2306 1460 2339 a
1489 2304 1638 2340 Herode

231 2367 391 2412 Agrippa
416 2365 448 2398 la
474 2364 606 2404 Judee,
632 2376 772 2398 comme
797 2370 901 2398 notre
919 2370 1049 2397 auteur
1067 2362 1099 2397 le
1122 2362 1177 2397 dit
1195 2363 1336 2410 d’apres
1360 2362 1476 2407 Bede,
1498 2364 1586 2398 mais
1603 2363 1636 2398 la

233 2425 384 2459 Batanee
399 2431 436 2457 et
449 2423 479 2457 la
495 2423 729 2457 Traclionite.
750 2423 800 2457 Ce
816 2423 869 2457 sut
884 2421 1021 2458 Claude
1037 2423 1099 2469 qui
1115 2435 1136 2468 y
1148 2423 1285 2470 joignit
1298 2435 1344 2458 en
1362 2425 1400 2466 4¹
1420 2422 1454 2457 la
1469 2422 1584 2458 Judee
1600 2429 1638 2458 et

233 2484 404 2519 Samni-iv.
426 2484 472 2516 La
500 2490 595 2517 niort
613 2483 657 2517 de
677 2496 715 2517 ce
741 2483 795 2517 roi
816 2483 930 2516 arriva
951 2495 995 2516 en
1016 2485 1070 2525 44.
1091 2483 1205 2517 botre
1226 2490 1355 2518 auteur
1376 2496 1421 2518 en
1445 2496 1463 2518 a
1487 2483 1560 2529 pris
1586 2483 1637 2518 les

232 2545 494 2578 circunstances
517 2542 604 2575 (lans
635 2543 803 2588 Joseplne.
827 2543 990 2589 Agrippa
1007 2543 1040 2576 ΙΙ
1062 2543 1116 2577 n’a
1131 2543 1260 2588 jamais
1285 2543 1435 2590 possede
1452 2542 1484 2577 la
1500 2542 1633 2587 Judee,

234 2604 321 2638 mais
340 2603 495 2637 daun-cs·
516 2615 616 2649 pays,
636 2615 721 2636 avec
742 2603 772 2636 la
793 2602 902 2648 garde
926 2602 975 2636 du
1004 2602 1155 2649 Temple
1179 2609 1215 2637 et
1237 2603 1269 2637 le
1292 2602 1390 2637 droit
1408 2602 1453 2637 de
1470 2614 1636 2637 uommer

233 2662 265 2696 le
283 2661 551 2709 grand-pristrc.
571 2661 666 2695 Uest
691 2674 735 2695 en
762 2661 830 2695 l'an
860 2660 904 2709 39
929 2661 1139 2708 qu⁷Herode
1163 2661 1314 2708 Antipas
1339 2661 1394 2696 fut
1414 2661 1525 2696 banni
1553 2674 1635 2697 avec

236 2720 442 2756 Herodiade
456 2723 475 2755 a
490 2721 585 2765 Ljon
597 2748 604 2762 ,
625 2719 707 2754 ‹l’ou
727 2720 769 2755 ils
788 2721 985 2767 paraissent
1002 2721 1100 2755 avoir
1117 2721 1174 2756 ete
1190 2720 1382 2757 transferes
1395 2733 1440 2756 en
1456 2722 1633 2769 Espagne.
