1738 3043
229 216 278 252 28
594 212 835 252 HISTORIA
865 213 1267 253 ECCLESIASTICA.

297 295 433 339 Tunc
457 292 642 339 oblatus
677 304 746 340 est
775 294 815 341 ei
850 293 1143 341 daemonium
1177 294 1377 353 habenS,
1413 312 1561 343 caecus
1592 290 1639 344 et

230 382 417 426 mutus,
448 380 495 417 et
526 371 709 416 curavit
741 388 850 417 eum
884 373 944 418 ita
975 382 1029 417 ut
1062 372 1338 437 loqueretur
1364 382 1411 420 et
1437 371 1633 421 videret.

228 449 403 496 Scribis
442 458 600 495 autem
636 459 683 496 et
719 447 958 513 pharisaeis
997 467 1137 513 opera
1175 449 1348 496 Christi
1385 448 1639 514 depravare

227 529 412 574 sinistra
441 528 834 592 interpretatione
854 528 1142 585 nitentibus,
1165 539 1212 575 et
1229 527 1288 574 ab
1308 545 1364 576 eo
1381 529 1568 594 signum
1580 527 1639 576 de

227 605 353 652 coelo
371 597 668 670 petentibus,
692 606 787 670 ipse
805 605 1038 670 profunda
1058 615 1105 652 et
1119 605 1377 669 spiritualia
1396 605 1634 664 disseruit,

226 682 399 748 quibus
437 683 583 730 malos
615 682 855 747 redarguit
886 693 933 730 et
968 682 1120 730 bonos
1155 684 1398 730 instruxit.
1433 683 1637 732 Genera-

228 762 346 808 tioni
373 779 564 827 quoque
591 780 795 826 nequam
820 761 1007 808 nullum
1037 762 1125 809 nisi
1162 763 1296 809 Jonae
1329 763 1518 828 signum
1532 774 1637 810 'esse

223 839 432 886 dandum
454 839 724 904 perhibuit3
754 841 826 886 cui
859 841 1069 904 reginam
1093 840 1251 886 Austri
1272 876 1284 897 ,
1312 858 1419 905 quae
1443 840 1501 888 de
1525 839 1637 887 fini-

225 917 311 964 bus
337 929 478 965 terrae
502 919 777 982 sapientiam
797 918 1063 965 Salomonis
1086 917 1247 965 audire
1268 919 1400 965 venit
1415 955 1427 978 ‚
1454 928 1502 965 et
1523 933 1636 982 poe-

223 995 429 1041 nitentes
451 994 685 1041 Ninivitas
708 995 866 1041 meriti
887 995 1240 1058 comparatione
1259 995 1520 1058 praeposuit
1538 993 1631 1058 (1).

288 1072 440 1118 Matre
463 1090 576 1120 vero
602 1075 698 1135 ejus
722 1084 769 1119 et
787 1071 1015 1119 fratribus
1040 1071 1157 1118 foris
1181 1071 1438 1130 stantibus,
1460 1082 1507 1120 et
1525 1089 1635 1119 cum

225 1149 306 1196 illo
326 1150 456 1214 loqui
484 1149 812 1214 quaerentibus
830 1185 842 1205 ‚
870 1148 1126 1196 extendens
1149 1166 1344 1195 manum
1363 1150 1412 1195 in
1435 1149 1635 1213 discipu-

223 1227 291 1274 los
317 1245 442 1284 SUOS,
464 1226 585 1273 dixit
609 1248 618 1273 :
648 1228 952 1291 Quicumque
954 1225 1133 1291 jecerit
1156 1227 1450 1273 voluntatem
1469 1227 1633 1274 Patris

223 1306 337 1359 mei,
379 1306 463 1369 qui
496 1315 564 1351 est
599 1307 646 1349 in
681 1303 842 1361 ecelis,
872 1305 974 1370 ipse
1007 1321 1138 1350 meus
1157 1301 1324 1367 frater
1353 1314 1397 1349 et
1424 1321 1562 1351 soror·
1588 1315 1634 1350 et

222 1391 376 1427 muter·
396 1380 516 1427 milei
541 1392 608 1427 est
630 1381 722 1444 (2).
1146 1384 1150 1388 '

286 1460 340 1504 ln
377 1458 458 1505 illo
495 1458 570 1505 die
602 1458 760 1505 exiens
798 1459 928 1505 Jesus
967 1458 1023 1505 de
1059 1458 1236 1516 domo,
1277 1456 1466 1506 sedebat
1501 1474 1630 1505 secus

220 1553 368 1593 mare,
394 1546 441 1583 et
463 1547 758 1602 congregatae
777 1547 889 1583 sunt
908 1537 964 1583 ad
982 1554 1090 1584 eum
1110 1535 1261 1583 turba:
1278 1536 1462 1583 multae.
1481 1537 1535 1582 In
1553 1553 1632 1582 na-

220 1615 422 1661 viculam
455 1615 732 1675 ascendens,
761 1615 908 1673 sedit,
939 1627 986 1663 et
1012 1614 1167 1662 turbae
1204 1615 1346 1661 stanti
1382 1616 1432 1662 in
1466 1614 1631 1662 littore

219 1693 367 1740 multa
402 1695 448 1741 in
479 1693 713 1759 parabolis
749 1695 912 1741 edidit.
949 1696 1017 1742 De
1046 1695 1275 1761 agricola,
1295 1695 1391 1760 'qui
1424 1695 1540 1742 exiit
1561 1710 1631 1742 se·-

218 1771 429 1829 minare‚
472 1772 689 1820 idoneam
726 1773 992 1837 operationi
1032 1790 1127 1820 suae
1162 1772 1522 1820 similitudinem
1558 1789 1629 1819 os-

219 1849 397 1910 tendit3
439 1862 485 1897 et
519 1850 577 1898 de
607 1851 715 1915 ipsis
748 1850 1034 1909 seminibus,
1071 1868 1279 1917 quorum
1313 1868 1419 1916 pars
1450 1850 1624 1915 periit,

217 1928 326 1991 quia
351 1946 480 1975 secus
503 1929 628 1975 viam
651 1928 778 1975 aliud
804 1929 1000 1987 cecidit,
1036 1940 1083 1976 et
1111 1929 1443 1977 conculcatum
1469 1939 1539 1976 est
1568 1927 1627 1975 ab

219 2003 509 2063 hominibus,
537 2017 583 2054 et
605 2006 821 2054 volucres
841 2007 951 2054 coeli
972 2007 1307 2065 comederunt3
1331 2007 1458 2054 aliud
1483 2007 1532 2054 i'n
1550 2024 1628 2072 pe-

218 2091 343 2128 trosa
363 2119 375 2138 ‚
412 2083 538 2129 aliud
576 2084 625 2129 in
657 2085 841 2147 spinas,
880 2094 926 2130 et
960 2085 1098 2130 variis
1124 2083 1368 2130 eventibus
1401 2083 1626 2130 suffocata

217 2168 345 2203 sunt.
373 2159 486 2218 Quae
510 2176 625 2206 vero
647 2161 694 2205 in
720 2159 897 2206 bonam
917 2171 1092 2207 terram
1109 2159 1405 2217 ceciderunt,
1426 2159 1624 2207 uberem

217 2233 429 2280 fructum
465 2234 789 2282 reddiderunt.
822 2235 948 2295 Quid
977 2236 1244 2301 significent
1273 2236 1384 2295 ista,
1413 2235 1624 2285 breviter

216 2320 264 2355 et
302 2310 483 2375 liquido
520 2311 635 2357 mihi
668 2311 926 2359 annotabo.
967 2312 1135 2360 Semen
1168 2322 1236 2361 est
1266 2312 1466 2361 verbum
1501 2314 1618 2372 Dei,

215 2398 341 2434 sator
360 2398 515 2435 autem
530 2388 742 2435 Christus
756 2427 767 2447 ‚
787 2390 1001 2437 volucres
1020 2390 1270 2438 daemonia.
1292 2391 1380 2439 Via
1396 2402 1465 2440 est
1480 2408 1621 2457 prava

214 2484 373 2523 mens,
399 2466 628 2512 malarum
667 2468 1010 2532 cogitationum
1046 2468 1206 2516 sedulo
1237 2479 1394 2517 meatu
1427 2469 1539 2516 trita
1573 2479 1620 2516 et

258 2659 459 2703 (1))latt}i.
476 2671 532 2701 xii,
548 2658 659 2706 9-45·‚
682 2661 791 2695 Marc.
816 2673 874 2705 ιιι,
899 2661 978 2705 ι-5-,
997 2663 1081 2699 Luc.
1102 2675 1147 2707 vi,
1165 2663 1263 2698 6-10.
1280 2682 1325 2689 ·—
1338 2664 1388 2708 (2)
1407 2662 1537 2698 Matth.
1552 2675 1613 2708 xii,

224 2717 344 2760 fisi-503
366 2719 475 2753 Marc.
498 2718 627 2761 3155,
651 2721 733 2754 Luc.
756 2733 840 2763 vm,
865 2733 978 2768 19-21.
