1738 3043
597 191 752 232 LIBER
780 189 1059 231 SECUNDUS.
1463 189 1542 228 429

121 274 126 284 '
191 271 470 322 Sabinianus
490 275 669 320 Tuscus
683 309 694 330 ‚
713 272 770 319 de
790 273 977 319 civitate
996 271 1144 328 Blesa,
1165 270 1222 318 de
1238 281 1371 334 patre
1386 269 1541 325 Bono,

128 353 246 400 sedit
284 370 411 400 anno
445 369 542 398 uno
581 348 821 397 mensibus
856 367 884 396 v
916 348 1081 395 dicbus
1119 364 1187 394 lx.
1223 348 1361 393 Tunc
1393 347 1546 411 gravis

128 431 177 477 in
207 429 324 477 urbe
349 432 497 477 Roma
524 429 667 475 fames
689 426 799 472 fuit.
829 428 948 490 Papa
974 443 1114 482 vcro,
1148 443 1259 489 pace
1279 442 1385 470 cum
1406 434 1548 489 gente

126 508 551 573 Langobardorum
575 505 695 553 sacta
710 541 722 562 ‚
738 505 879 568 jussit
902 505 1084 568 aperire
1110 503 1276 551 horrca
1303 503 1546 560 Ecclesiae,

127 597 175 634 et
197 586 457 633 venundari
488 586 726 632 frumenta
751 602 835 648 per
859 583 1063 629 solidum
1090 600 1240 629 unum
1269 583 1414 628 tritici
1439 599 1550 629 mo-

127 662 230 710 dios
249 681 361 709 xxx.
386 664 439 708 ln
459 661 646 709 ecclesia
663 659 788 706 beati
808 660 935 706 Petri
955 659 1156 724 apostoli
1180 670 1249 705 vi⁰
1272 660 1364 705 kal.
1391 659 1549 705 martii

128 742 338 807 sepultus
361 751 446 788 est.
473 741 560 786 Hic
589 739 830 786 ordinavit
848 739 1093 802 episcopos
1118 755 1226 784 xxvi
1244 774 1257 794 ‚
1285 749 1332 784 et
1358 737 1552 784 cessavit

128 820 422 884 episcopatus
441 816 682 864 mensibus
698 835 746 863 xi
767 815 932 864 diebus
950 834 1064 863 vero
1083 834 1197 862 xxm
1223 817 1265 880 (1
1280 815 1316 876 ).

192 896 474 945 Bonesacius
502 897 769 952 Romanus,
806 913 860 942 ex
892 905 1027 960 patre
1056 896 1240 942 Joanne
1275 894 1548 951 Catadiocc,

128 975 248 1023 sedit
283 975 526 1022 mensibus
563 993 649 1021 viu
692 973 856 1022 diebus
893 991 1012 1020 xxii.
1054 974 1142 1020 Hic
1183 972 1397 1021 obtinuit
1427 973 1551 1037 apud

127 1056 300 1102 Focam
325 1054 592 1118 principem
619 1063 673 1099 ut
699 1052 824 1100 sedes
851 1052 1105 1117 apostolica
1130 1062 1272 1116 caput
1299 1061 1415 1098 esset
1440 1068 1551 1098 om-

129 1133 265 1179 nium
295 1131 626 1188 ecclesiarum,
655 1131 764 1196 quia
797 1130 1328 1195 Constantinopolitana
1363 1130 1554 1177 ecclesia

130 1227 177 1256 se
201 1210 430 1256 Romanae
451 1208 761 1272 praeferebat,
788 1218 836 1254 et
857 1209 1063 1273 primam
1087 1226 1134 1254 se
1157 1208 1375 1254 omnium
1398 1206 1554 1254 eccle-

131 1289 306 1335 siarum
329 1286 583 1335 scribebat.
607 1287 828 1351 Sepultus
851 1298 920 1333 est
945 1297 1103 1333 autem
1129 1287 1176 1332 in
1198 1286 1386 1334 ecclesia
1405 1286 1553 1332 sancti

130 1365 260 1412 Petri
284 1364 485 1429 apostoli
508 1373 562 1410 11⁰
589 1364 691 1410 idus
712 1362 1003 1411 novembris.
1027 1364 1114 1410 Hic
1138 1364 1431 1410 consecravit
1449 1364 1554 1428 epi-

132 1460 301 1508 scopos
330 1460 438 1501 xm,
473 1453 521 1489 et
556 1442 751 1490 cessavit
784 1442 1079 1506 episcopatus
1113 1440 1353 1489 mensibus
1387 1460 1418 1488 x
1448 1441 1556 1489 die-

133 1521 221 1568 bus
244 1537 293 1569 vi
314 1521 405 1585 (2).

198 1597 481 1647 Bonefacius
505 1599 700 1647 natione
723 1598 992 1646 Marsorum
1007 1634 1020 1656 ‚
1047 1595 1104 1646 de
1127 1598 1316 1645 civitate
1341 1596 1553 1654 Valeria,

134 1695 191 1725 ex
215 1687 350 1740 patre
372 1677 555 1724 Joanne
578 1677 793 1732 medico,
827 1676 946 1723 sedit
971 1676 1107 1722 annis
1132 1693 1180 1722 w
1207 1674 1447 1723 mensibus
1472 1691 1557 1721 vm

135 1753 301 1801 diebus
338 1770 443 1800 xm.
487 1754 636 1817 Hujus
670 1764 885 1817 tempore
920 1754 1066 1799 fames
1104 1763 1153 1799 et
1191 1753 1474 1816 pestilentiae
1513 1762 1561 1799 et

139 1830 474 1879 inundationes
493 1848 720 1895 aquarum
736 1831 1020 1895 gravissimae
1036 1829 1248 1875 fuerunt.
1271 1830 1409 1875 Tunc
1424 1834 1560 1894 petiit

138 1928 255 1975 papa
282 1907 562 1955 Bonefacius
587 1926 609 1954 a
633 1909 753 1955 Foca
782 1909 999 1973 principe
1026 1908 1254 1972 templum
1271 1945 1282 1966 ,
1312 1908 1442 1972 quod
1475 1926 1562 1972 ap—

138 1988 344 2053 pellatur
367 1985 630 2033 Pantheum
646 2022 658 2043 ‚
684 1997 730 2033 et
755 1987 1059 2050 impetratum
1081 1985 1312 2032 dedicavit
1334 1986 1379 2032 in
1402 1984 1562 2033 hono-

140 2082 244 2112 rem
280 2064 499 2111 omuium
533 2073 825 2110 sanctorum.
865 2063 953 2109 Hic
982 2062 1105 2127 apud
1137 2062 1333 2108 beatum
1366 2064 1561 2110 Petrum

139 2142 409 2207 apostolum
430 2147 538 2188 vm⁰
558 2140 649 2187 kal.
665 2142 787 2205 junii
811 2141 1022 2206 sepultus
1044 2150 1130 2188 est.
1154 2141 1414 2206 Episcopus
1433 2139 1564 2189 ordi-

144 2402 263 2439 Roma
287 2401 548 2443 subterranea,
570 2411 598 2443 ι,
621 2413 656 2447 p.
689 2399 764 2435 161.
786 2401 834 2435 Le
851 2401 1089 2435 secretarium
1106 2399 1169 2434 des
1192 2399 1321 2446 eglises
1340 2397 1563 2446 pontificales

144 2462 235 2496 etait
247 2473 319 2495 une
332 2460 491 2494 sacristie
508 2458 739 2506 particuliere
753 2471 822 2494 aux
836 2471 965 2507 papes,
981 2458 1072 2494 dans
1085 2458 1239 2507 laquelle
1256 2458 1298 2492 ils
1315 2470 1351 2492 sc
1367 2458 1565 2492 mvi-taient

146 2522 193 2558 de
211 2522 310 2558 leurs
329 2521 450 2556 habits
469 2521 702 2569 pontificaux.

194 2583 244 2627 (ι)
269 2580 328 2627 (13
349 2581 553 2629 septembre
572 2580 707 2622 604-22
733 2579 864 2614 sevi-ier
887 2579 986 2625 606.)
1009 2579 1122 2615 Blesa
1141 2591 1188 2614 ou
1208 2579 1321 2614 Blera
1344 2585 1397 2613 est
1415 2578 1566 2623 aujour-

150 2639 251 2675 d'hui
272 2641 398 2684 Bieda,
418 2643 438 2676 a
457 2641 518 2675 dix
537 2640 653 2675 milles
672 2639 717 2674 dc
738 2639 906 2674 Vitcrbc.

196 2699 245 2742 (Ἰ)
270 2698 328 2744 (25
347 2699 697 2735 sevrivr-novembre
715 2697 814 2740 606.)
