1738 3043
652 185 804 223 LIBER
835 185 1043 225 PMMUS.
1513 193 1562 227 87

141 266 380 329 discipulis
416 264 637 311 undecim
667 273 714 310 et
748 265 932 311 caeteris
959 265 1200 312 omnibus.
1232 267 1292 313 Et
1325 268 1416 313 visa
1453 280 1565 314 sunt

140 354 249 390 ante
277 343 382 390 illos
404 343 527 389 sicut
548 341 916 388 deliramentum
952 343 1094 390 verba
1122 344 1232 401 ista,
1261 354 1310 392 et
1331 362 1431 392 non
1457 363 1565 392 ere-

139 420 315 468 debant
341 421 449 467 illis.
477 421 559 467 llis
578 429 624 467 et
644 420 830 466 Marcus
853 429 1120 467 attestatur.
1161 422 1283 469 Nam
1311 434 1564 489 postquam

141 500 537 548 commemoravit
576 515 648 545 eas
693 507 949 545 trementes
988 508 1036 545 et
1074 511 1295 563 paventes
1329 519 1353 548 a
1385 519 1566 549 monu-

140 587 305 625 mento
332 578 478 624 exisse
499 613 512 634 ‚
541 586 588 623 et
613 576 792 622 nemini
830 575 1092 642 quidquam
1115 577 1314 635 dixisse;
1346 580 1565 644 adjunxit

139 654 268 720 quod
291 672 538 719 resurgens
565 653 798 700 Dominus
823 655 1099 718 apparuerit
1124 672 1263 702 mane
1287 657 1440 720 prima
1464 657 1563 703 sab-

139 731 235 777 bati
261 732 418 795 primo
442 731 607 779 Mariae
632 730 922 795 Magdalenae
934 767 948 788 ‚
971 730 1029 778 de
1052 749 1145 796 qua
1168 734 1368 796 ejecerat
1384 744 1564 798 septem

137 807 400 866 daemonia5
432 820 478 857 et
512 809 622 874 quia
654 808 730 855 illa
756 808 927 856 vadens
953 809 1195 856 nuntiavit
1220 810 1304 867 iis,
1345 811 1426 876 qui
1455 829 1564 857 eum

137 901 192 932 eo
206 884 416 944 fuerant,
438 885 713 951 lugentibus
733 896 781 933 et
799 885 1047 943 flentibus3
1065 896 1113 933 et
1128 887 1239 952 quia
1258 887 1346 945 illi,
1369 887 1566 935 audien-

138 973 204 1011 tes
234 964 364 1030 quod
394 966 575 1013 viveret
607 975 654 1012 et
690 965 815 1011 visus
851 975 970 1012 esset
1002 963 1060 1011 ab
1098 983 1175 1023 ea,
1210 983 1310 1013 non
1348 966 1565 1014 eredide-

135 1052 268 1089 runt.
282 1044 402 1091 Sane
412 1043 665 1091 Matthaeus
678 1044 819 1092 etiam
836 1043 954 1090 illud
970 1044 1189 1102 inseruit,
1204 1044 1564 1092 abscedentibus

136 1119 444 1179 mulieribus,
482 1138 590 1186 quae
631 1121 708 1167 illa
741 1122 903 1169 omnia
947 1121 1168 1168 viderant
1203 1132 1250 1169 et
1284 1121 1561 1182 audierant,

136 1197 315 1245 venisse
343 1198 485 1245 etiam
515 1198 745 1263 quosdam
771 1199 820 1245 in
858 1199 1099 1245 civitatem
1126 1198 1183 1246 de
1225 1199 1316 1245 illis
1348 1199 1564 1247 eustodi—

135 1274 222 1321 bus
254 1276 336 1340 qui
363 1276 494 1322 velut
524 1276 704 1322 mortui
730 1279 1005 1340 jacuerant,
1041 1285 1089 1322 et
1117 1277 1358 1324 nuntiasse
1382 1278 1564 1341 prinei-

133 1352 272 1417 pibus
295 1354 596 1401 sacerdotum
621 1355 783 1401 omnia
819 1371 928 1419 quae
957 1354 1080 1400 facta
1108 1365 1276 1414 erant,
1303 1372 1355 1402 ea
1382 1355 1563 1402 scilicet

133 1448 242 1495 quae
275 1431 343 1478 illi
390 1433 569 1480 sentire
605 1441 908 1497 potuerunt‚·
946 1432 1052 1480 illos
1097 1449 1213 1481 vero
1250 1445 1562 1499 congregatos

133 1527 243 1557 cum
255 1510 553 1569 senioribus,
580 1511 782 1559 consilio
797 1521 1019 1576 accepto,
1046 1511 1298 1576 pecuniam
1321 1513 1561 1578 copiosam

131 1587 310 1637 dedisse
321 1588 555 1637 militibus
567 1625 582 1648 ‚
599 1600 653 1636 ut
672 1589 888 1638 dicerent
902 1590 1033 1656 quod
1051 1590 1270 1656 discipuli
1287 1593 1384 1656 ejus
1406 1592 1561 1657 ipsum

130 1665 276 1713 furati
318 1678 473 1716 essent
520 1668 612 1714 illis
654 1667 1042 1726 dormientibus3
1087 1668 1368 1734 pollicentes
1417 1669 1560 1716 etiam

132 1746 432 1794 securitatem
457 1764 481 1793 a
518 1747 741 1812 praeside,
770 1747 852 1813 qui
894 1765 974 1796 eos
1014 1747 1230 1796 custodes
1264 1746 1486 1806 dederat,
1514 1757 1560 1796 et

135 1822 239 1870 illos
262 1834 450 1889 accepta
480 1826 681 1889 pecunia
703 1826 867 1873 fecisse
891 1827 1014 1873 sicut
1035 1836 1171 1873 erant
1203 1826 1329 1874 docti
1352 1846 1366 1883 ;
1395 1825 1557 1872 divul-

133 1912 391 1966 gatumque
408 1902 609 1950 verbum
634 1903 758 1949 istud
785 1905 909 1967 apud
925 1903 1114 1950 Judaeos
1134 1921 1282 1967 usque
1303 1904 1351 1949 in
1374 1903 1561 1950 hodier-

136 1997 253 2026 num
280 1979 423 2027 diem.
453 1981 600 2027 Lucas
624 1981 750 2028 solus
780 1991 989 2045 quatuor
1019 1980 1429 2044 Evangelistarum
1458 1997 1557 2027 non

133 2056 249 2103 dicit
270 2076 293 2104 a
319 2057 602 2105 mulieribus
619 2059 772 2105 visum
796 2058 1088 2115 Dominum,
1120 2057 1198 2105 sed
1225 2058 1560 2106 tantummodo

133 2136 340 2200 angelos.
364 2135 622 2184 Matthaeus
641 2146 799 2183 autem
813 2136 947 2193 dicit,
969 2134 1099 2200 quod
1120 2136 1183 2182 eis
1202 2152 1225 2180 a
1241 2145 1559 2182 monumento

134 2212 444 2260 redeuntibus
480 2215 764 2261 occurrerit.
808 2213 996 2259 Marcus
1021 2229 1213 2277 quoque
1245 2211 1362 2257 dicit
1400 2212 1558 2276 primo

135 2292 288 2339 visum
324 2310 419 2340 esse
458 2294 622 2340 Mariae
648 2292 940 2358 Magdalenae
957 2327 972 2351 ,
998 2291 1122 2338 sieut
1144 2300 1192 2338 et
1218 2290 1441 2337 Joannes.
1470 2290 1560 2337 Sed

135 2372 379 2435 quomodo
414 2372 455 2419 ei
493 2373 554 2418 sit
587 2373 712 2418 visus
747 2387 848 2418 non
882 2369 1026 2430 dicit,
1069 2368 1201 2434 quod
1239 2368 1503 2430 explicatur
1537 2386 1560 2413 a

135 2450 318 2499 Joanne
343 2452 430 2514 (1).

186 2653 235 2696 (ι’)
261 2653 540 2694 Matth.xxv1==‚
563 2651 676 2689 8-15-,
704 2651 814 2686 Marc.
836 2661 898 2683 xvi
915 2677 923 2692 ‚
945 2648 1053 2690 8·11·,
1074 2649 1159 2683 Luc.
1182 2660 1279 2689 xxiv,
1305 2659 1412 2694 9-12;
1433 2648 1546 2680 ,ΙοειυΓΔ

143 2723 200 2749 xx.
227 2714 345 2754 14-18.
