1738 3043
586 213 740 252 LIBER
773 214 982 254 PRtMUs.
1426 221 1494 256 111

138 296 421 342 Aurelianus
446 294 582 341 annis
601 310 629 340 v
651 292 892 340 mensibus
920 311 984 340 vi.
1007 295 1095 340 Hic
1119 312 1228 342 cum
1251 294 1500 342 adversum

75 391 162 420 nos
180 374 561 439 persecutionem
582 371 835 428 movisset,
859 371 1039 420 fulmen
1065 383 1174 420 ante
1193 391 1303 421 eum
1326 392 1500 440 magno

73 470 249 518 pavore
295 451 708 499 circumstantium
758 449 891 506 ruit,
943 468 995 496 ac
1045 468 1143 498 non
1191 453 1347 500 multo
1392 464 1501 518 post

73 549 96 576 a
143 528 375 577 militibus
421 529 602 576 occisus
648 537 717 574 est
763 527 946 574 itineris
993 527 1152 575 medio
1193 530 1327 594 quod
1374 530 1500 577 inter

73 607 545 672 Constantinopolim
571 616 619 653 et
651 606 925 654 Heracleam
955 618 1041 654 est.
1077 607 1356 655 Euticianus
1382 627 1499 674 papa

73 686 309 752 martyrio
346 686 513 732 Romae
544 694 800 731 coronatus
820 719 833 741 ,
869 683 917 730 in
949 684 1197 731 cimeterio
1227 684 1400 733 Calixti
1435 704 1501 733 se-

72 763 274 827 pelitur3
305 763 387 829 qui
416 772 463 811 et
488 763 586 828 ipse
613 779 788 809 cccxm
812 773 1047 829 martyres
1073 781 1219 810 manu
1251 781 1330 810 sua
1365 782 1502 829 sepe-

70 842 178 890 livit
198 843 292 908 (1).

136 921 353 985 [Tacitus
368 938 554 968 menses
573 938 670 968 sex.
695 919 804 981 Quo
819 920 944 986 apud
961 924 1171 968 Pontum
1187 921 1363 979 occiso,
1388 921 1499 969 Flo-

71 1000 231 1047 rianus
272 999 486 1047 obtinuit
529 999 786 1064 imperium
814 997 980 1047 diebus
1015 999 1300 1063 Lxxxvm],
1345 1009 1394 1047 et
1431 1002 1498 1047 sic

71 1077 196 1143 apud
220 1078 423 1124 Tarsum
452 1077 702 1125 occiditur.
735 1077 1034 1142 [Anatolius]
1059 1078 1254 1125 natione
1286 1078 1498 1125 Alexan-

70 1157 262 1214 drinus,
302 1156 567 1220 [Laodiciae
596 1156 750 1222 Syriae
782 1157 1056 1220 episcopuS,
1095 1154 1498 1221 pbilosophorum

70 1234 333 1299 disciplinis
372 1233 612 1290 eruditus,
657 1233 870 1298 plurimo
913 1251 1134 1282 sermone
1171 1232 1494 1298 celebratur];

71 1315 204 1379 cujus
229 1314 405 1379 ingenii
427 1313 708 1379 magnitudo
732 1313 790 1361 de
814 1311 967 1371 libro,
995 1331 1140 1378 quem
1163 1331 1305 1378 super
1327 1313 1497 1360 Pascha

70 1392 372 1456 composuit,
410 1401 456 1438 et
486 1391 544 1438 de
579 1390 743 1438 decem
780 1389 916 1437 libris
950 1389 1264 1438 arithmeticae
1298 1391 1498 1438 institu-

70 1468 217 1516 tionis
240 1478 399 1534 potest
424 1468 716 1533 apertissime
741 1467 982 1534 cognosci.
1013 1469 1182 1514 Insana
1205 1466 1499 1516 Manichaeo-

70 1555 179 1594 rum
205 1546 421 1605 haeresis,
448 1557 496 1594 et
516 1546 897 1594 Sabellianorum
921 1546 1079 1594 oritur
1096 1545 1186 1611 (2).

133 1626 317 1674 Probus
352 1644 503 1674 annos
534 1643 582 1673 vt
617 1637 664 1674 et
687 1644 869 1674 menses
901 1644 968 1674 ιν.
995 1626 1084 1673 Hic
1108 1625 1283 1673 Gallias
1308 1625 1500 1691 jamdu—

68 1704 183 1752 dum
201 1724 225 1752 a
246 1704 466 1752 Barbaris
485 1715 733 1770 occupatas
747 1742 761 1764 ,
783 1723 870 1770 per
893 1706 1044 1753 multa
1068 1716 1115 1754 et
1138 1706 1293 1771 gravia
1313 1705 1494 1770 praelia,

68 1783 233 1831 deletis
264 1783 456 1830 tandem
493 1782 732 1839 hostibus,
770 1782 826 1829 ad
846 1783 1115 1848 perfectum
1139 1781 1376 1830 liberavit.
1402 1782 1499 1828 Ar-

71 1859 257 1907 chelaus
289 1861 645 1924 Mesopotamiae
677 1861 924 1925 episcopus
953 1859 1135 1906 librum
1163 1860 1498 1925 disputationis

71 1955 198 1994 suae,
233 1956 376 2003 quam
408 1937 574 1984 habuit
607 1948 774 1985 contra
804 1937 1124 1984 Manichaeum
1158 1948 1409 1985 exeuntem
1441 1936 1498 1983 de

69 2149 181 2184 chion
195 2177 204 2192 ,
225 2155 288 2184 eut
305 2148 379 2183 lieu
399 2148 489 2182 dans
509 2148 541 2182 lc
556 2148 742 2182 troisiiaeme
760 2147 898 2182 concile
914 2147 1136 2183 d’Antioche
1148 2176 1157 2191 ‚
1175 2147 1320 2194 preside
1338 2159 1403 2195 par
1418 2148 1498 2194 Hy-

70 2210 216 2252 me'nee,
240 2208 449 2255 patriarche
467 2207 511 2242 de
527 2206 728 2242 Jerusalem
740 2234 749 2250 ‚
769 2218 814 2241 au
829 2213 1145 2242 commenccment
1163 2206 1208 2241 de
1223 2218 1302 2255 270.
1323 2208 1389 2242 Les
1403 2214 1499 2242 actes

72 2267 118 2302 de
137 2274 232 2303 cette
251 2266 451 2302 discussion
474 2267 667 2302 n'existent
687 2266 780 2313 plus.

115 2327 168 2373 (1)
185 2327 273 2371 (Mai
291 2326 516 2374 ayo-janvier
534 2324 629 2374 275).
649 2325 755 2361 Cette
772 2324 1006 2372 persecution
1030 2323 1086 2359 sut
1110 2323 1143 2358 la
1166 2323 1357 2359 neuvieme
1369 2352 1379 2368 ,
1395 2331 1432 2359 et
1444 2337 1501 2359 ai·-

71 2388 145 2423 riva
158 2400 231 2423 non
241 2399 302 2435 pas
320 2394 444 2429 avaut,
465 2386 554 2421 mais
573 2387 677 2433 apri-s
696 2385 729 2421 la
750 2385 861 2420 chute
879 2384 924 2419 de
947 2384 981 2419 la
1010 2383 1141 2419 foudre
1159 2383 1250 2419 dont
1268 2384 1368 2432 pai-le
1395 2391 1502 2419 notre

72 2455 215 2484 auteur.
238 2448 341 2483 Saint
368 2447 544 2493 Eutycien
571 2446 627 2481 n'a
650 2447 755 2493 point
785 2444 935 2480 souffert
965 2445 999 2479 le
1030 2451 1191 2491 martyre
1219 2452 1255 2480 et
1284 2445 1374 2480 n'est
1405 2452 1502 2480 mort

72 2508 181 2556 qu’eu
207 2507 402 2543 decembre
423 2505 504 2542 285.
533 2507 584 2541 Ce
604 2519 648 2541 ne
668 2513 750 2541 sont
773 2506 877 2552 point
900 2506 990 2540 trois
1018 2512 1101 2540 cent
1133 2506 1265 2548 treize,
1303 2505 1393 2540 mais
1411 2507 1501 2541 trois

73 2572 157 2600 cent
176 2563 467 2613 quarante-deux
485 2570 642 2608 mai-tyrs
661 2562 749 2610 qu'il
769 2561 944 2596 ensevelit
963 2561 1008 2596 de
1027 2573 1080 2595 ses
1098 2574 1251 2609 propi-cs
1272 2562 1401 2597 mains.

120 2625 171 2669 (2)
187 2621 254 2667 (25
273 2622 478 2670 septembre
505 2620 645 2670 275-lin
670 2620 715 2654 de
738 2631 834 2654 mars
854 2619 953 2668 276).
975 2620 1148 2664 Anatole,
1178 2620 1315 2668 eveque
1336 2619 1381 2655 de
1410 2621 1499 2654 Lao-

75 2678 198 2721 diciee,
220 2678 391 2713 llorissait
408 2690 487 2712 vers
514 2689 593 2725 ¹270.
617 2676 715 2711 C'cst
743 2688 789 2710 cn
818 2687 884 2724 277
916 2687 987 2723 que
1007 2688 1218 2724 commcnca
1246 2676 1414 2711 l’heresic
1437 2674 1500 2707 (les

77 2736 331 2777 Manicheam
350 2735 438 2772 celle
467 2735 532 2771 des
554 2734 754 2771 Sabellicus
773 2741 938 2770 remonte
953 2734 1098 2782 jusqu'a
1113 2733 1193 2769 250.
