1738 3043
161 229 238 266 :364
532 225 773 263 HISTORIA
809 223 1211 264 ECCLESIASTICA.

163 307 309 353 millia
336 305 541 350 sexcenti
577 303 800 368 baptizati
827 314 956 350 sunt.
986 304 1134 350 Multa
1163 320 1356 369 quoque
1387 322 1582 353 munera

166 385 302 430 beato
328 384 432 428 κῆνο
453 382 762 439 obtulerunt,
787 400 894 447 qum
919 383 1077 429 omnia
1095 384 1236 446 jussit
1250 382 1349 430 dari
1370 386 1585 448 pauperi-

165 461 268 506 bus.
289 461 399 506 Post
419 459 518 505 lizee
536 459 590 505 ad
611 460 945 507 similitudines
964 460 1203 507 idolorum
1220 459 1355 518 abiit,
1378 472 1426 508 et
1443 462 1587 508 simu-

167 540 405 585 lacrorum
449 548 618 584 cuncta
660 537 895 602 sculptilia
937 537 1174 603 confregit
1218 548 1264 585 et
1302 539 1350 585 in
1382 538 1587 586 nihilum

166 616 364 680 redegit.

233 692 412 741 Deinde
440 691 603 739 beatus
625 693 819 739 antistes
839 710 948 738 cum
965 692 1208 756 discipulis
1227 693 1320 739 suis
1336 692 1394 739 ad
1409 691 1590 757 Agedu-

168 789 284 817 num
320 772 389 834 (1)
427 771 585 816 vicum
620 771 781 827 venit,
823 780 870 817 et
914 769 1124 817 idolatris
1156 769 1393 817 diabolico
1427 786 1590 817 errore

167 851 374 915 deceptis
414 868 572 896 veram
614 848 755 895 fidem
795 846 1086 912 praedicavit.
1134 849 1286 896 Porro
1326 846 1590 895 sacerdotes

170 928 409 975 idolorum
425 927 503 973 adx
516 936 720 973 enerunt
734 961 747 982 ,
768 936 814 971 et
831 936 1016 972 sanctos
1033 925 1367 989 praedicatores
1383 925 1592 991 graviter

168 1015 520 1070 percusserunt.
561 1004 656 1050 lllis
687 1013 844 1050 autem
877 1003 1140 1049 Dominum
1170 1001 1589 1060 benedicentibus,

169 1095 216 1131 et
251 1084 486 1147 patienter
518 1081 707 1128 adversa
739 1098 828 1145 pro
862 1081 962 1144 ipso
997 1079 1366 1137 sustinentibus,
1403 1082 1594 1145 ejusque

170 1162 447 1226 sull'ragium
471 1170 635 1208 contra
664 1159 996 1206 imminentem
1018 1157 1382 1205 tribulationem
1401 1156 1595 1203 fiducia-

173 1241 281 1287 liter
321 1236 704 1304 postulantibus,
741 1254 1038 1302 percussores
1075 1253 1243 1283 eorum
1281 1235 1442 1283 subito
1483 1236 1594 1283 caeci

171 1318 281 1364 sacti
309 1328 421 1363 sunt
437 1353 448 1373 ,
474 1315 806 1380 trahentesque
830 1332 876 1362 se
899 1331 1043 1360 manu
1069 1313 1125 1359 ad
1153 1330 1348 1361 manum
1370 1312 1596 1360 Mercurii

173 1396 478 1442 simulacrum
499 1394 819 1458 expetierunt.
847 1391 1120 1439 Secundum
1139 1407 1325 1437 morem
1345 1389 1596 1437 consulen-

175 1473 301 1519 tibus
324 1473 510 1519 nullum
533 1472 662 1519 dedit
686 1473 966 1535 responsum
989 1470 1280 1526 Mercurius,
1307 1485 1363 1516 eo
1386 1467 1517 1533 quod
1539 1466 1598 1515 ab

175 1550 350 1613 angelis
389 1550 472 1596 Dei
511 1549 700 1595 daemon
739 1558 857 1594 esset
891 1547 1131 1611 religatus.
1169 1547 1350 1593 Euntes
1381 1545 1437 1591 ad
1471 1544 1598 1592 aliud

179 1626 359 1675 idolum
375 1662 387 1683 ,
411 1626 664 1673 audierunt
680 1624 809 1689 quod
828 1624 941 1671 deus
961 1642 1070 1670 suus
1085 1623 1370 1687 respondere
1392 1622 1482 1669 illis
1498 1639 1596 1669 non

177 1716 360 1769 posset,
377 1705 487 1770 quia
505 1703 562 1749 ab
578 1703 753 1767 angelis
770 1704 850 1750 Dei
870 1703 1045 1750 catenis
1063 1702 1208 1767 igneis
1224 1701 1446 1766 religatus
1461 1711 1595 1748 esset.

245 1784 382 1829 Tunc
403 1783 562 1829 czecati
583 1781 845 1829 sacerdotes
868 1781 924 1827 ad
942 1791 1158 1827 sanctum
1179 1780 1444 1826 Martialem
1461 1796 1600 1827 vene-

181 1872 322 1917 runt,
354 1872 401 1907 et
430 1861 654 1925 prostrati
676 1859 733 1906 ad
758 1859 895 1924 pedes
920 1870 1195 1906 sanctorum
1218 1858 1404 1905 veniam
1433 1867 1601 1922 postu-

181 1939 416 1985 laverunt.
448 1938 618 1985 Beatus
638 1954 751 1985 vero
769 1937 941 2002 praesul
961 1942 1113 1983 visum
1133 1937 1196 1983 eis
1215 1936 1424 1983 restituit
1437 1971 1451 1993 ‚
1471 1953 1524 1992 ac
1543 1935 1600 1982 ad

182 2027 382 2063 statuam
405 2017 533 2063 Jovis
554 2034 662 2062 cum
682 2017 813 2063 omni
835 2016 1015 2080 populo
1033 2014 1176 2072 abiit,
1200 2026 1247 2061 et
1266 2014 1535 2062 daemonem
1551 2013 1601 2061 in

183 2094 378 2141 nomine
419 2094 613 2140 Domini
647 2093 878 2157 adjuravit
920 2102 973 2138 ut
1005 2092 1113 2139 inde
1146 2092 1305 2138 statim
1344 2091 1520 2148 exiret,
1556 2100 1603 2138 et

184 2190 343 2218 coram
375 2173 506 2237 omni
538 2172 718 2236 populo
750 2181 952 2217 statuam
983 2171 1324 2235 confringeret.
1362 2169 1454 2230 Qui
1478 2171 1603 2232 jussa

185 2249 384 2313 perfecit
425 2261 471 2296 et
511 2250 818 2296 simulacrum
853 2249 1129 2295 minutatim
1174 2247 1426 2313 confregit.
1465 2248 1602 2293 Tunc

188 2326 250 2372 ibi
271 2327 365 2372 duo
386 2327 532 2373 millia
558 2328 762 2374 sexcenti
788 2326 1009 2390 baptizati
1036 2337 1166 2372 sunt.

252 2406 354 2451 Hoc
374 2404 657 2449 miraculum
684 2405 970 2469 paralyticus
993 2403 1186 2469 quidam
1219 2413 1273 2449 ut
1295 2401 1498 2458 audivit,
1525 2399 1604 2448 de-

189 2484 302 2531 ferri
330 2501 376 2530 se
406 2482 462 2528 ad
489 2481 732 2530 hominem
761 2483 844 2530 Dei
878 2483 1008 2530 fecit.
1037 2483 1155 2529 Erat
1187 2483 1317 2529 enim
1345 2498 1401 2528 ex
1431 2495 1605 2543 magno

190 2579 361 2626 genere
399 2561 676 2618 hominum,
717 2561 1017 2627 multumque
1044 2560 1172 2607 dives
1207 2559 1306 2605 auri
1347 2567 1393 2605 et
1421 2558 1601 2622 argenti

238 2738 265 2768 (ι
316 2733 422 2768 ,Ήιυη
436 2761 443 2775 ,
465 2734 546 2780 pres
565 2732 718 2768 Gueret.
