1738 3043
621 213 775 252 LIBER
806 214 1012 253 PRIMUS.
1473 218 1518 256 31

107 295 251 340 struis
271 294 497 359 templum
520 292 616 338 Dei
624 329 640 349 ,
669 303 713 338 et
735 294 783 337 in
808 293 967 339 triduo
996 293 1122 340 illud
1137 295 1407 360 rea‘dzficas
1427 297 1519 362 (1)

110 372 259 420 Salva
301 373 615 437 temetipsum.
652 369 711 416 Si
745 370 906 417 Filius
941 370 1039 417 Dei
1071 389 1150 428 ω’,
1188 372 1427 421 descende
1464 376 1525 422 (le

109 467 265 497 cruce.

173 527 308 575 Unus
334 537 517 584 autem,
546 525 806 573 secundum
831 530 1032 584 Lucam,
1060 526 1118 573 de
1143 527 1214 573 his
1245 530 1326 593 qui
1352 530 1529 594 pende-

108 605 225 652 bant
255 604 548 662 latronibus,
590 602 947 668 blasphemabat
983 604 1116 662 eum,
1155 607 1314 654 dicens
1345 627 1355 652 ε
1389 610 1448 655 Si
1477 621 1530 656 tu

110 702 158 730 es
193 683 428 741 Christus,
461 683 598 730 salva
625 684 922 748 temetipsum
954 695 998 730 et
1022 702 1124 730 nos.
1150 685 1286 732 Alter
1308 704 1422 734 vero
1451 689 1530 735 in-

110 760 330 826 crepabat
359 779 495 817 eum,
527 760 688 807 dicens
716 779 726 805 :
755 761 926 826 Neque
954 773 1003 807 tu
1027 763 1163 809 times
1188 763 1349 810 Deum
1356 803 1371 823 ,
1403 769 1534 830 quod

110 841 160 886 in
193 839 363 887 eadem
399 839 713 886 damnatione
744 858 793 886 es
811 838 839 886 P
869 839 973 886 lVos
1003 840 1198 904 quidem
1221 842 1385 906 juste,
1417 862 1533 890 num,

108 918 262 983 digna
278 916 440 983 sactis
472 920 729 984 recipimus
739 941 762 974 ,·
796 918 875 964 lzic
908 935 1021 965 vero
1055 918 1178 964 nihil
1213 920 1336 966 muli
1362 925 1529 986 gessit.

108 997 171 1043 Et
188 995 375 1044 dicebat
397 996 453 1042 ad
475 997 635 1043 Jesum
660 1017 669 1041 :
693 995 927 1052 Domine,
951 1007 1184 1043 memento
1205 998 1302 1042 mei
1318 998 1433 1045 dam
1455 1018 1533 1046 ve-

109 1076 234 1122 neris
251 1076 299 1121 in
318 1093 513 1140 regnum
535 1086 684 1121 tuum.
702 1075 832 1122 Dixit
853 1074 919 1120 illi
938 1075 1068 1122 Jesus
1085 1093 1094 1119 :
1113 1075 1269 1122 Amen
1287 1076 1399 1124 dico
1419 1078 1530 1125 tibi.-

111 1152 253 1200 hodie
272 1170 457 1199 mecum
477 1154 569 1199 eris
595 1154 645 1198 in
664 1152 914 1199 Paradiso
941 1152 1033 1215 (2).

177 1229 375 1278 Stabant
391 1233 525 1294 juxta
550 1247 739 1277 crucem
757 1231 865 1277 Jesu
884 1241 1036 1277 mater
1054 1233 1176 1296 ejus,
1200 1244 1247 1280 et
1269 1250 1408 1281 soror
1428 1252 1534 1282 ma-

114 1309 197 1355 tris
227 1311 324 1372 ejus
362 1309 513 1354 Maria
544 1307 791 1372 Cleophae‚
830 1318 877 1354 et
906 1308 1053 1354 Maria
1082 1309 1373 1373 Magdalene.
1413 1312 1535 1358 Cum

111 1386 301 1434 vidisset
347 1404 461 1452 ergo
501 1387 631 1434 Jesus
666 1397 868 1433 matrem
914 1397 961 1432 et
1001 1385 1288 1452 discipulum
1328 1400 1534 1437 stantem

111 1482 254 1529 quem
277 1463 523 1530 diligebat,
551 1462 671 1510 dixit
700 1463 841 1509 matri
874 1480 969 1509 suae
994 1483 1004 1509 :
1037 1464 1232 1522 AIulier,
1269 1483 1378 1514 ecee
1389 1466 1535 1532 filius

114 1553 238 1589 tuus.
254 1542 436 1590 Deinde
451 1541 574 1588 dixit
591 1541 850 1605 discipulo:
867 1542 1000 1588 Ecce
1018 1554 1170 1590 mater
1183 1554 1279 1590 tua.
1299 1545 1364 1591 Et
1381 1562 1438 1592 ex
1456 1545 1534 1592 illa

113 1619 229 1668 hora
248 1621 428 1686 accepit
446 1638 549 1668 eam
566 1619 824 1684 discipulus
845 1620 894 1666 in
914 1638 991 1666 sua
1020 1622 1113 1685 (3).

177 1699 217 1746 A
245 1710 372 1746 sexta
403 1697 516 1746 hora
554 1697 766 1745 tenebrae
795 1697 934 1744 factae
961 1710 1074 1746 sunt
1099 1717 1240 1764 super
1265 1702 1535 1749 universam

115 1788 290 1824 terram
305 1793 454 1841 usque
472 1775 530 1822 ad
549 1774 717 1823 horam
735 1792 915 1823 nonam
929 1811 942 1833 ‚
965 1787 1013 1823 et
1029 1777 1151 1824 circa
1168 1777 1334 1825 horam
1354 1797 1536 1827 nonam

115 1854 333 1901 clamavit
360 1855 490 1901 Jesus
515 1870 631 1902 voce
659 1871 851 1919 magna,
880 1853 1041 1900 dicens
1070 1875 1080 1900 ε
1109 1856 1219 1912 Eli,
1247 1856 1357 1915 Eli,
1385 1857 1536 1902 Zama-

120 1931 431 1979 zababdani?
465 1931 555 1979 hoc
587 1943 656 1979 est
689 1952 698 1977 :
731 1933 865 1978 Deus
908 1949 1066 1989 meus,
1111 1933 1244 1979 Deus
1284 1952 1445 1992 meus,
1489 1947 1538 1980 ut

119 2011 240 2076 quid
274 2010 574 2075 dereliquisti
602 2009 711 2056 me?
747 2010 910 2056 Postea
952 2010 1101 2056 sciens
1135 2011 1266 2057 Jesus
1301 2012 1411 2076 quia
1436 2014 1535 2075 jam

119 2088 278 2136 omnia
311 2099 634 2134 consummata
665 2098 799 2143 sunt,
846 2098 898 2132 ut
930 2099 1342 2135 consummaretur
1379 2089 1537 2153 Scrip-

118 2179 240 2223 tura,
259 2166 378 2213 dixit
398 2187 408 2213 :
430 2165 465 2212 S
471 2167 573 2213 itio.
593 2165 684 2213 Vas
698 2183 810 2231 ergo
824 2166 1034 2230 positum
1053 2178 1152 2213 erat
1168 2178 1301 2214 aceto
1315 2168 1530 2231 plenum.

119 2244 191 2291 Illi
215 2256 373 2292 autem
391 2244 636 2310 spongiam
661 2255 792 2291 aceto
816 2243 1008 2308 plenam
1031 2241 1237 2308 hyssopo
1268 2245 1536 2309 circumpo-

119 2335 284 2371 nentes
300 2359 314 2381 ,
337 2323 408 2370 ori
429 2324 526 2387 ejus
551 2320 851 2370 obtulerunt.
879 2321 944 2368 Et
972 2320 1176 2368 clamans
1198 2338 1314 2370 voce
1337 2339 1530 2388 magna,

166 2501 216 2545 (ι)
242 2499 342 2534 Nous
359 2510 467 2533 avons
489 2498 579 2532 suivi
608 2497 652 2531 ici
672 2497 704 2531 le
723 2503 819 2532 texte
843 2496 888 2530 de
907 2496 940 2531 la
957 2496 1058 2531 Bibte
1076 2503 1112 2530 et
1129 2496 1174 2531 de
1192 2496 1356 2532 l'edition
1384 2497 1430 2532 de
1456 2498 1531 2531 Du-

123 2558 265 2592 chesne.
288 2559 334 2592 Le
349 2557 549 2591 manuscrit
573 2556 618 2591 de
636 2555 911 2591 Saint-Evrmsst
928 2562 1032 2602 porte
1048 2554 1204 2589 destruit
1224 2563 1260 2590 et
1278 2555 1493 2603 reaedificul,
1515 2558 1534 2590 a

125 2617 155 2651 la
178 2618 360 2652 onisii-me
378 2629 568 2664 personne.

169 2672 222 2723 (¹2)
245 2678 376 2713 matth.
407 2690 524 2720 xxvii,
546 2675 676 2720 58-44;
705 2678 816 2711 Mai-c.
841 2689 905 2717 xv,
933 2674 1067 2724 27-32;
1093 2676 1179 2710 Luc.
1201 2687 1319 2721 xxm,
1342 2673 1464 2725 59-45.
1491 2694 1533 2699 -

125 2735 176 2781 (5)
192 2738 321 2772 Joaun.
342 2750 422 2782 xix,
445 2737 565 2785 25-27.

224 2813 255 2841 1.
1313 2794 1344 2837 6
