1738 3043
573 217 725 255 LIBER
755 216 1033 255 SECUNDUS.

97 298 275 353 subiit,
311 309 359 343 ut
391 299 583 361 propria
612 315 752 343 manu
784 316 829 343 sc
856 300 1126 361 peremerit.
1162 297 1437 355 Matthfcus,
1470 301 1514 344 in

1442 222 1515 256 .)'')

94 375 256 422 Judaea
283 376 571 441 praedicans,
599 376 893 440 evangelium
921 376 1112 426 hebra-o
1139 395 1355 425 sermone
1376 379 1520 442 scrip-

98 454 161 499 sit
181 455 273 518 (i)

164 533 459 598 Interempto
482 535 601 581 Gaio
620 534 821 590 Caesare,
847 534 1069 580 Claudius
1095 551 1179 580 xni
1206 537 1342 581 annis
1362 546 1408 582 et
1429 552 1515 582 vni

100 610 341 658 mensibus
367 613 597 676 regnavit.
631 611 731 659 Sub
761 629 860 677 quo
892 612 1038 659 fames
1065 614 1173 658 satis
1197 613 1296 658 dira
1321 614 1519 660 univer—

96 706 204 734 sum
229 688 395 736 orbem
427 701 563 736 terrae
586 688 825 747 obtinuit,
856 690 977 736 sicut
998 691 1145 737 Lucas
1172 689 1388 755 Agahum
1409 708 1523 754 pro-

98 764 291 830 phetam
315 765 616 814 denuntiasse
634 765 861 814 describit
881 769 969 830 (2).

165 844 218 889 ln
244 842 326 890 illo
353 853 568 908 tempore
585 880 597 900 ‚
625 844 756 909 quod
781 843 869 890 sub
893 844 1090 893 Claudio
1110 845 1226 901 fuit,
1250 863 1358 892 cum
1378 847 1523 894 fames

98 931 223 978 erat,
251 921 460 969 Herodes
479 940 562 969 rex
586 940 753 968 manus
772 940 875 969 suas
901 924 1098 969 immisit
1118 925 1321 989 affligere
1339 925 1522 990 aliquos

97 997 155 1045 de
190 998 413 1046 Ecclesia.
455 1001 594 1046 Tunc
628 999 830 1048 Jacobus
868 1001 1083 1048 Zebedaei
1127 1001 1251 1048 filius
1276 1039 1288 1059 ,
1330 1003 1521 1049 Domini

101 1077 252 1124 nostri
266 1077 377 1124 Jesu
390 1076 566 1124 Christi
585 1078 844 1142 apostolus,
866 1097 1060 1127 omnem
1076 1079 1289 1126 Judaeam
1303 1090 1350 1127 et
1369 1080 1526 1126 Sama-

99 1156 219 1202 riam
244 1155 487 1212 visitabat,
514 1167 562 1203 et
586 1157 734 1203 multa
760 1158 889 1222 signa
914 1159 960 1204 in
981 1157 1157 1204 Christi
1185 1159 1362 1206 *virtute
1382 1159 1524 1206 facie—

101 1231 198 1279 bat.
228 1235 280 1279 In
309 1235 558 1299 synagogis
581 1245 748 1281 contra
769 1235 1040 1282 incredulos
1065 1236 1361 1300 disputabat,
1391 1254 1523 1283 sanc-

101 1322 264 1376 tasque
288 1313 543 1377 scripturas
569 1313 850 1378 explanabat
866 1350 880 1371 ‚
916 1314 1170 1362 ostendens
1194 1316 1353 1363 omnia
1369 1352 1381 1372 ,
1417 1333 1525 1380 quae

100 1408 124 1437 a
153 1389 402 1455 prophetis
437 1402 548 1438 sunt
572 1392 825 1455 praedicta,
866 1394 913 1439 in
949 1393 1158 1440 Domino
1191 1394 1298 1440 Jesu
1334 1392 1524 1441 Christo

102 1485 199 1515 esse
223 1468 478 1533 completa.

167 1546 488 1611 Hermogenes
526 1564 688 1613 magus
710 1584 722 1605 ‚
768 1547 926 1594 audita
964 1550 1200 1595 virtutum
1241 1551 1337 1612 ejus
1373 1548 1522 1604 fama,

103 1623 300 1682 invidit,
336 1642 388 1671 ac
422 1625 479 1671 ad
519 1642 654 1682 eum,
694 1625 973 1690 explorandi
1018 1643 1178 1683 causa,
1220 1625 1428 1673 Filetum
1457 1626 1527 1689 (3)

100 1701 387 1766 discipulum
420 1720 556 1749 suum
598 1702 869 1749 destinavit.
905 1702 1114 1750 Veniens
1155 1713 1313 1750 autem
1348 1703 1527 1750 Filetus

101 1797 212 1826 cum
236 1781 488 1846 aliquantis
511 1780 752 1845 pharisaeis
778 1791 975 1828 conatus
992 1792 1061 1828 est
1083 1779 1262 1828 Jacobo
1282 1782 1523 1837 resistere,

152 2020 202 2064 (ι)
229 2020 276 2053 Le
296 2020 385 2054 recit
404 2032 469 2066 par
489 2019 622 2054 Philon
644 2020 707 2054 (les
727 2020 845 2060 solies,
868 2020 932 2054 des
950 2022 1118 2054 cruautes
1142 2026 1179 2054 et
1204 2019 1266 2054 des
1294 2020 1460 2066 impietes
1484 2020 1529 2055 de

106 2078 271 2125 Caligula
283 2107 291 2122 ‚
312 2091 406 2125 pour
423 2091 463 2114 ce
480 2080 543 2126 qui
563 2091 742 2114 concerno
759 2079 960 2114 Jerusalem
984 2086 1017 2113 et
1041 2079 1089 2113 les
1105 2079 1218 2120 Juiss‚
1240 2091 1276 2113 sc
1296 2085 1422 2116 trouve
1440 2079 1530 2113 dans

107 2148 172 2172 son
196 2136 286 2172 livre
313 2154 317 2170 :
342 2137 396 2172 De
416 2138 636 2179 virtutibus,
660 2140 732 2172 siue
753 2138 797 2172 dc
818 2139 998 2185 legatione:
1017 2137 1069 2171 ad
1090 2138 1237 2172 Gaium.
1256 2138 1362 2172 Cette
1380 2139 1530 2172 mission

107 2204 169 2231 eut
187 2196 259 2232 lieu
274 2209 319 2232 en
336 2196 406 2232 l’an
426 2201 482 2240 40.
504 2199 552 2232 La
570 2199 782 2245 pretention
803 2198 848 2232 de
868 2197 1032 2245 Caligula
1053 2197 1098 2232 dc
1115 2198 1203 2232 faire
1224 2197 1345 2245 placer
1362 2210 1396 2231 sa
1416 2205 1533 2233 statue

106 2256 197 2292 dans
221 2257 254 2292 le
272 2257 407 2304 temple
428 2257 473 2293 de
497 2258 699 2293 Jerusalem
719 2265 773 2292 est
798 2257 843 2292 de
867 2258 898 2292 la
925 2258 1043 2292 meme
1062 2259 1177 2292 annee
1195 2270 1239 2292 au
1267 2257 1358 2291 mois
1384 2257 1429 2291 de
1450 2270 1532 2305 sep-

110 2317 267 2361 tembre,
290 2319 450 2366 quoique
465 2318 598 2353 Philon
617 2319 691 2354 l'ait
709 2320 902 2366 rapporffle
921 2331 965 2353 au
985 2319 1202 2364 printemps.
1224 2318 1321 2352 C'est
1338 2329 1470 2353 encore
1488 2331 1533 2353 en

110 2376 178 2411 l'an
207 2380 250 2420 4ο
274 2390 345 2425 que
372 2377 485 2411 Pilate
511 2379 626 2424 parait
652 2379 757 2414 §en-e
782 2380 844 2413 tue
872 2378 917 2413 de
937 2377 1125 2425 desespoir
1144 2377 1189 2411 de
1216 2390 1252 2411 sa
1276 2376 1442 2424 disgrace
1465 2379 1534 2422 (on

111 2448 265 2484 suppose
284 2436 373 2484 qu'il
393 2437 481 2472 etait
499 2437 590 2471 exile
609 2440 628 2472 a
643 2438 787 2473 Vienne
806 2450 852 2472 en
872 2437 1102 2484 Dauphine‘)‚
1123 2443 1159 2471 et
1177 2448 1255 2471 vers
1274 2448 1313 2471 ce
1330 2443 1448 2483 temps
1465 2449 1535 2484 quc

111 2495 205 2530 saint
231 2496 397 2531 Mathieu
425 2496 553 2530 eci-ivit
580 2509 624 2530 en
651 2496 791 2531 lic-bren
820 2509 867 2531 ou
898 2495 1018 2543 plutot
1047 2508 1092 2530 en
1119 2494 1440 2542 syro-chalda'ique
1470 2507 1533 2530 son

112 2555 274 2601 evangile
287 2583 295 2597 ‚
316 2556 379 2602 qui
400 2556 457 2590 sut
475 2555 787 2590 immediatcmcnt
804 2556 944 2590 traduu
961 2568 1004 2590 en
1029 2567 1124 2602 grec.

160 2616 209 2659 (¹2)
228 2614 563 2661 (25janvierji-13
581 2616 730 2650 octobri·
747 2615 822 2659 54.)
837 2616 906 2649 Sur
925 2615 955 2648 la
973 2615 1107 2650 saminc
1127 2614 1268 2661 prodite
1286 2627 1351 2661 par
1368 2614 1532 2659 Agabus„

118 2685 222 2717 κωύκ
242 2674 435 2718 ci-dcssus,
461 2688 495 2722 p.
519 2688 595 2709 21¹).

165 2730 213 2770 (3)
241 2734 357 2767 msc-z:
383 2735 575 2769 Phslctum.
