1738 3043
685 185 840 224 LIBER
869 186 1076 226 PsslMt‘s.
1541 192 1583 227 71

171 269 222 312 ιἰι
255 268 576 313 tentationem.
621 263 685 309 Et
723 274 965 328 assumpto
997 266 1139 313 Petro
1178 276 1226 312 et
1262 265 1449 313 duobus
1485 267 1592 314 filiis

169 343 384 392 Zebedaei
403 380 415 399 ,
443 342 594 407 coepit
625 359 794 406 pavere
825 351 874 390 et
907 341 1080 390 taedere
1104 343 1175 390 vel
1202 344 1495 392 contristari.
1536 347 1593 392 Et

169 424 267 488 ipse
291 422 476 470 avulsus
501 433 569 469 est
592 419 652 467 ab
676 421 767 478 eis,
794 431 1029 485 quantum
1050 423 1203 486 jactus
1226 433 1296 470 est
1319 423 1515 488 lapidis;
1545 434 1593 471 et

167 502 334 565 positis
362 499 560 565 genibus
586 498 781 557 orabat,
801 497 963 546 dicens
986 520 996 546 :
1024 501 1191 559 Pater,
1215 502 1260 547 ,ςί
1283 503 1359 549 vis
1387 501 1594 567 transfer

165 579 370 626 calicem
386 577 513 624 hunc
530 596 561 624 α
577 594 666 622 me.
701 578 1047 624 Verumtamen
1075 596 1173 625 non
1199 596 1308 626 mea
1331 580 1584 637 voluntas,

165 656 254 703 sed
271 655 576 721 tnafiat(1).

225 734 461 800 Apparuit
496 744 654 781 autem
691 733 759 781 illi
803 734 997 799 angelus
1024 733 1082 782 de
1114 733 1265 792 coelo,
1309 735 1588 783 confortans

160 830 295 870 eum,
336 823 384 860 et
413 812 564 859 factus
600 813 649 859 in
681 812 848 876 agonia
875 812 1108 877 prolixius
1138 811 1332 870 orabat3
1361 823 1408 861 et
1435 812 1588 861 factus

159 901 230 939 est
249 891 394 938 sudor
413 893 510 956 ejus
534 892 657 939 sicut
671 901 821 956 guttae
841 892 1081 957 sanguinis
1100 891 1397 940 decurrentis
1422 892 1472 939 in
1498 903 1588 940 ter-

157 986 278 1015 ram.
307 968 378 1015 lbi
411 981 542 1016 trans
573 978 840 1017 torrentem
874 969 1063 1017 Cedron
1095 969 1238 1017 fuisse
1267 968 1466 1018 hortum
1503 971 1582 1018 in—

159 1047 444 1113 telligimus,
477 1048 526 1095 in
558 1066 701 1114 quem
736 1048 958 1096 introivit
991 1049 1088 1113 ipse
1117 1058 1165 1096 et
1197 1047 1416 1113 discipuli
1454 1052 1579 1114 ejus;

155 1142 299 1190 quem
318 1125 478 1173 locum
496 1125 639 1172 Judas
663 1125 855 1173 sciebat.
883 1126 976 1185 Qui
1003 1143 1112 1172 cum
1134 1126 1388 1191 accepisset
1411 1126 1581 1175 cohor-

160 1213 279 1260 tem,
319 1213 366 1251 et
400 1222 423 1250 a
456 1202 766 1268 pontificibus
790 1214 836 1252 et
869 1202 1110 1268 pharisaeis
1137 1203 1414 1264 ministros,
1450 1206 1583 1252 venit

157 1279 270 1327 illuc
297 1298 406 1328 cum
433 1281 626 1328 laternis
658 1291 705 1328 et
737 1280 920 1328 facibus
952 1291 1000 1328 et
1034 1281 1194 1329 armis.
1230 1282 1295 1328 Et
1326 1281 1580 1329 confestim

153 1358 376 1407 accedens
395 1358 451 1406 ad
467 1361 627 1407 Jesum
645 1359 765 1406 dixit
789 1380 799 1407 :
822 1365 948 1418 Ave,
968 1359 1148 1406 Rabbz'.
1169 1361 1231 1406 Et
1253 1360 1491 1407 osculatus
1511 1371 1580 1407 est

152 1454 280 1485 eum.
301 1438 443 1485 Tunc
456 1448 771 1496 accesserunt,
792 1449 838 1485 et
856 1456 1023 1484 manus
1042 1438 1089 1484 in
1106 1440 1264 1485 Jesum
1283 1438 1573 1502 injecerunt,

151 1532 356 1580 eumque
378 1525 653 1564 tenuerunt.
679 1515 886 1573 Deinde,
909 1515 1040 1581 quod
1057 1517 1263 1563 Joannes
1283 1533 1576 1565 commemo-

149 1602 250 1649 rat,
273 1591 395 1639 dixit
414 1593 477 1640 eis
503 1614 512 1639 :
547 1593 700 1657 Quem
723 1592 976 1658 quceritis?
993 1591 1364 1658 Responderunt
1385 1594 1424 1642 ei
1453 1614 1463 1639 ε
1488 1595 1575 1641 Je—

145 1687 252 1716 sum
266 1669 596 1718 Nazarenum.
612 1671 679 1718 Ut
695 1671 840 1717 dixit:
856 1672 970 1736 Ego
987 1690 1118 1729 sum,
1140 1670 1365 1735 abierunt
1381 1681 1574 1720 retror-

145 1766 250 1795 sum
269 1759 317 1796 et
340 1749 614 1797 ceciderunt
636 1749 685 1796 in
706 1759 906 1807 terram3
935 1759 981 1797 et
1007 1749 1188 1815 reliqua
1215 1750 1306 1814 (2).

209 1824 436 1873 Videntes
459 1837 642 1883 autem,
677 1827 800 1872 sicut
823 1827 971 1873 Lucas
995 1826 1113 1873 dicit
1129 1862 1142 1883 ,
1174 1826 1204 1873 ii
1230 1827 1313 1891 qui
1345 1827 1468 1874 circa
1502 1828 1571 1892 ip-

145 1921 249 1950 sum
284 1914 443 1959 erant,
480 1904 610 1969 quod
640 1903 862 1950 futurum
887 1915 1011 1960 erat,
1039 1904 1299 1951 dixerunt:
1332 1905 1565 1964 Domine,

145 1983 190 2027 si
219 1983 520 2047 percutimus
554 1980 767 2046 gladio?
805 1982 944 2027 Tunc
981 1982 1147 2028 Petrus
1188 1980 1430 2027 Malchum
1469 1999 1571 2030 ser—

145 2075 257 2103 vum
298 2058 528 2122 principis
567 2057 867 2105 sacerdotum
910 2058 1169 2122 percussit,
1215 2068 1262 2104 et
1305 2057 1568 2105 auriculam

144 2138 242 2200 ejus
281 2135 496 2183 dextram
539 2135 818 2200 amputavit.
864 2134 1280 2200 Interrogantibus
1320 2136 1570 2200 respondit

143 2215 274 2261 Jesus
306 2234 317 2260 ε
354 2213 510 2260 Sinite
536 2231 685 2278 usque
710 2212 820 2261 leuc.
848 2214 910 2260 Et
935 2213 1224 2278 percutienti
1248 2214 1392 2260 Petro
1417 2215 1569 2278 proti-

144 2310 250 2349 nus,
271 2292 401 2356 quod
416 2291 669 2338 Matthaeus
686 2302 1050 2352 commemorat,
1065 2291 1284 2356 adjunxit
1303 2312 1313 2338 :
1338 2292 1570 2341 Converte

138 2370 367 2435 gladium
390 2382 523 2417 tuum
547 2371 597 2416 in
618 2370 776 2417 locum
803 2389 959 2418 suum.
992 2370 1167 2418 Omnes
1189 2372 1315 2418 enim
1335 2373 1421 2436 qui
1437 2390 1569 2419 acce-

186 2583 237 2627 (1)
266 2581 398 2617 Matth.
415 2592 512 2625 xxvi,
531 2578 665 2624 30-443
686 2581 797 2616 Marc.
813 2592 891 2624 xw,
914 2579 1045 2628 26-39·‚
1066 2581 1152 2616 Luc.
1179 2593 1266 2623 xxii,
1289 2579 1423 2628 59-423
1439 2581 1567 2616 Joann.

144 2654 247 2685 mu,
287 2656 314 2677 ι.
342 2661 387 2668 --
415 2642 466 2687 (2)
497 2642 631 2676 Matth.
665 2654 763 2683 ww,
793 2639 927 2683 45-50;
958 2642 1069 2676 Marc.
1100 2653 1177 2684 xlv,
1206 2640 1341 2683 [fio-463
1363 2641 1449 2675 Luc.
1483 2651 1566 2675 un.

144 2698 276 2743 43-483
298 2702 426 2736 Joanu.
444 2713 526 2734 xviii
541 2729 549 2737 ,
567 2713 644 2746 2-9.
