1738 3043
227 270 304 306 260
594 262 834 299 llls'l‘oulA
867 260 1268 299 ECCLESlASTICA.

226 342 511 410 prohibebat
548 358 654 395 eos,
688 340 849 387 dicens
887 360 896 385 :
934 340 1119 396 Nolite,
1137 339 1326 399 filioli,
1365 341 1515 387 nolite
1549 343 1643 387 im-

221 422 391 489 pedire
411 422 500 466 iter
520 436 694 465 meam.
719 418 835 465 Jam
851 417 998 483 pedes
1018 419 1112 463 mei
1132 420 1262 464 viam
1281 417 1518 464 coelestem
1537 437 1645 465 am-

228 498 412 545 bulant.
431 495 595 543 Nolite
609 496 808 552 tristari,
829 494 1137 559 sedgaudete
1153 511 1354 551 meeum,
1372 497 1488 558 qaia
1504 494 1649 542 hodie

227 592 495 639 consequor
499 573 723 637 fluctum
748 572 967 619 laborum
990 589 1217 618 meorum.

292 651 473 699 Deinde
504 662 612 716 post
647 650 837 714 longam
869 649 1277 706 exhortationem,
1318 667 1410 716 qua
1449 648 1647 715 figuram

227 731 380 777 erucis
400 729 605 786 Christi,
626 746 769 794 quem
790 726 1083 784 imitabatur,
1102 726 1342 775 subtiliter
1359 727 1646 792 explanavit,

227 826 370 856 orans
403 818 450 854 et
480 807 651 871 gratias
681 824 821 872 agens
854 807 980 863 Deo,
1015 806 1081 851 ait
1115 824 1124 849 ε
1165 805 1363 852 Gratias
1393 823 1492 870 ago
1529 806 1646 861 tibi,

229 887 346 933 bone
363 896 556 951 pastor,
592 887 707 949 quia
732 901 838 931 oves
871 901 993 947 qaas
1025 883 1275 930 tradidisti
1302 883 1421 929 milli
1444 901 1650 950 eompa-

228 966 410 1011 tiantw·
442 980 642 1008 mecam.
683 963 804 1007 Peto
814 996 828 1016 ,
868 962 1102 1018 Domine,
1142 971 1192 1006 uc
1216 962 1517 1026 participent
1549 978 1651 1007 me-

229 1060 337 1088 cum.
365 1041 426 1087 cle
452 1041 618 1105 gratia
648 1051 731 1085 tua
759 1041 809 1085 in
836 1056 983 1103 regno
1014 1050 1112 1084 tao.
1141 1040 1204 1085 Et
1230 1038 1451 1102 adjiciens
1484 1039 1606 1086 dixit
1637 1059 1647 1085 :

232 1118 526 1164 Commendo
549 1116 636 1163 tibi
655 1134 789 1173 oves,
820 1116 940 1162 bone
957 1126 1132 1181 pastor
1157 1115 1368 1173 Christe,
1390 1134 1512 1180 quas
1535 1115 1656 1162 mihi

229 1195 506 1252 tradidisti,
549 1206 598 1240 ut
632 1212 729 1241 non
763 1196 971 1241 sentiant
1011 1211 1062 1240 36
1099 1194 1203 1240 sine
1240 1211 1314 1240 me
1354 1211 1456 1241 esse
1492 1197 1580 1259 qui
1611 1207 1656 1241 te

229 1274 424 1331 habent,
456 1290 553 1338 per
588 1289 726 1336 quem
765 1289 855 1336 ego
892 1289 1089 1336 gregem
1127 1271 1255 1318 hune
1297 1289 1459 1336 regere
1489 1274 1650 1338 potui.

230 1353 292 1397 Et
313 1350 413 1397 haee
434 1350 620 1406 dicens,
646 1349 801 1395 emisit
826 1349 1066 1413 spiritum.

297 1429 470 1474 Statim
501 1428 619 1484 viri,
655 1427 736 1492 qui
763 1444 1013 1491 nunquam
1046 1425 1112 1473 ibi
1143 1427 1227 1473 visi
1259 1426 1477 1485 fuerant,
1506 1445 1655 1492 appa—

230 1523 396 1561 ruere,
425 1522 511 1551 nee
534 1514 670 1550 antea
696 1521 784 1550 nec
816 1514 978 1567 postea
1013 1504 1265 1569 quisquam
1296 1505 1456 1569 potuit
1483 1522 1562 1553 eos
1589 1504 1654 1552 ibi

231 1583 418 1638 videre;
447 1583 528 1647 qui
559 1580 782 1628 (licebant
805 1599 850 1628 se
875 1591 1074 1644 propter
1107 1581 1242 1628 illum
1269 1581 1326 1629 de
1359 1584 1654 1648 Jerosolyma

231 1661 488 1709 advenisse.
518 1660 609 1723 Ipsi
637 1677 728 1704 una
754 1676 863 1705 cum
888 1658 1115 1706 Marcello
1147 1659 1319 1705 illustri
1346 1661 1451 1707 viro
1484 1679 1657 1726 eorpus

233 1741 330 1802 ejus
373 1737 558 1784 occulte
600 1735 924 1791 abstulerunt,
965 1752 1017 1781 ac
1059 1735 1115 1781 ad
1159 1735 1485 1784 terebinthum
1520 1740 1655 1802 juxta

233 1814 573 1864 Naumachiam
594 1849 607 1870 ,
645 1815 691 1860 in
724 1813 830 1859 loco
863 1813 944 1877 qui
970 1812 1226 1860 Vaticanus
1250 1814 1539 1878 appellatur,
1567 1834 1658 1880 po-

233 1904 458 1949 suerunt,
487 1909 778 1957 magnosque
802 1901 1032 1954 patronos
1058 1901 1105 1938 et
1126 1891 1302 1939 amicos
1326 1892 1519 1940 Domini
1547 1895 1657 1941 Jesu

233 1976 408 2024 Christi
435 1974 658 2021 Romanis
683 1972 816 2019 datos
843 1973 999 2020 testati
1024 1984 1137 2019 sunt
1162 1974 1253 2037 (ι).

301 2053 441 2100 Nunc
474 2052 531 2099 de
562 2051 760 2099 doctore
783 2051 998 2115 gentium
1016 2086 1029 2107 ‚
1065 2050 1270 2115 qualiter
1293 2051 1479 2100 honum
1505 2065 1658 2100 certa-

236 2148 345 2178 men
368 2129 620 2176 certaverit
634 2164 647 2185 ,
665 2145 954 2191 cursumque
975 2129 1399 2186 consummaverit,
1418 2128 1658 2177 bravium-

236 2227 329 2273 que
353 2225 570 2271 supernae
596 2206 860 2253 vocationis
886 2205 1178 2262 obtinuerit,
1217 2205 1333 2253 libet
1368 2225 1423 2254 ex
1462 2207 1657 2256 historia

237 2287 468 2350 passionis
504 2288 600 2349 ejus
638 2284 849 2330 breviter
887 2301 1163 2347 excerpere,
1200 2294 1247 2330 et
1280 2283 1356 2331 hic
1391 2284 1448 2332 ad
1472 2285 1658 2334 laudem

239 2362 489 2409 ineffabilis
512 2361 695 2409 Adonai
722 2362 952 2407 veraciter
979 2361 1184 2408 inserere
1207 2362 1300 2426 (2).
1327 2363 1498 2409 Paulus
1522 2375 1659 2428 post-

237 2458 379 2505 quam
397 2439 453 2485 de
469 2456 679 2495 earcere,
701 2449 753 2483 ut
769 2456 908 2502 supra
928 2437 1111 2485 dictum
1128 2449 1223 2495 est,
1245 2439 1417 2498 exivit,
1440 2440 1654 2498 hortum,

284 2612 334 2655 (ι)
359 2610 428 2645 Ces
446 2610 535 2643 trois
555 2609 800 2656 paragraphes
820 2609 1102 2655 appartiennent
1121 2610 1140 2643 a
1162 2609 1194 2643 la
1213 2608 1367 2644 relation
1386 2610 1498 2644 ecrite
1518 2621 1600 2645 sous
1626 2609 1657 2644 le

240 2680 324 2703 nom
343 2667 388 2702 de
408 2668 501 2702 saint
522 2668 669 2701 Marcel.

282 2730 334 2774 (2)
360 2728 407 2762 lei
436 2734 540 2762 notre
572 2733 702 2760 auteur
732 2739 982 2761 recommcnce
1009 2729 1028 2761 ὲ
1056 2727 1180 2773 puiset·
1198 2739 1261 2761 son
1286 2727 1376 2762 recit
1400 2727 1489 2762 dans
1513 2727 1545 2762 la
1573 2729 1651 2774 pre-

237 2787 370 2821 mulne
387 2786 538 2820 relation
561 2785 606 2818 ‹lv
625 2787 711 2819 saint
738 2786 799 2819 l.in
812 2813 820 2825 ,
841 2797 935 2831 pour
949 2798 988 2818 e«-
1004 2785 1231 2831 paragraphe
1250 2792 1285 2820 et
1304 2785 1353 2821 les
1372 2786 1422 2821 six
1443 2787 1614 2820 suivants.
