1738 3043
562 194 716 233 LIBER
745 193 1027 233 SECUNDUS.
1431 197 1511 236 367

84 274 360 340 generibus,
397 273 726 339 lapidibusque
763 275 981 337 pretiosis
1018 273 1306 338 pauperibus
1343 274 1512 322 distri-

85 351 209 399 buit.
240 353 557 400 Possessiones
587 351 764 416 quippe
798 369 850 397 ac
884 352 1117 416 mancipia
1153 363 1201 399 ct
1232 354 1512 402 vernaculos

79 434 178 495 jam
205 431 321 478 olim
346 450 455 478 cum
483 441 632 478 matre
661 447 740 475 sua
767 440 931 478 sancto
966 431 1158 495 praesuli
1189 442 1507 490 concesserat;

86 521 141 556 nt
163 520 272 575 post
294 510 547 557 discessum
572 510 669 573 ejus
695 507 814 554 inibi
849 519 1006 555 sancta
1038 510 1182 574 ipsius
1217 510 1511 558 tumularen-

84 598 165 635 tur
181 587 413 636 membra.

150 666 417 732 Stephanus
440 665 674 731 siquidem
697 663 793 711 dux
816 665 1140 730 principatum
1164 682 1188 711 a
1212 666 1360 714 fluvio
1384 667 1511 715 Rho-

82 744 193 791 dani
237 762 382 811 usque
421 743 478 790 ad
515 761 643 791 mare
681 743 922 791 Oceanum
963 743 1178 801 tenebat,
1221 761 1510 812 omnemque

83 823 202 869 citra
234 823 442 887 Ligerim
473 823 720 887 regionem
752 833 799 869 et
831 839 1027 869 omnem
1058 821 1391 887 Aquitaniam,
1429 841 1511 870 seu

83 901 383 948 Wasconum
408 911 455 948 ct
479 899 755 948 Gothorum
780 910 970 965 gentem
1000 901 1074 964 (1)
1100 899 1388 965 possidebat.
1413 902 1510 948 Rex

84 987 243 1025 tamen
259 996 359 1026 non
379 976 656 1034 vocabatur,
677 978 787 1042 quia
803 977 962 1024 nullus
980 976 1068 1024 sibi
1091 976 1182 1025 hoc
1199 995 1379 1026 nomen
1400 997 1509 1027 ven—

82 1054 294 1112 dicabat,
317 1056 408 1102 nisi
433 1054 736 1103 solummodo
757 1055 910 1112 Nero,
932 1055 1014 1121 qui
1037 1072 1293 1103 romanum
1317 1056 1510 1104 tenebat

85 1134 360 1198 imperium.
384 1134 473 1180 Hic
491 1134 794 1181 Lemovicam
814 1134 1055 1181 civitatem
1082 1135 1328 1192 introivit,
1355 1146 1403 1183 et
1421 1137 1511 1185 Va-

82 1210 246 1257 leriam
275 1227 498 1275 sponsam
522 1228 654 1256 suam
673 1209 729 1257 ad
751 1228 798 1258 se
820 1212 984 1259 venire
1008 1211 1254 1276 praeccpit.
1282 1211 1356 1258 Ex
1381 1214 1512 1277 cujus

83 1288 330 1354 colloquio
347 1287 538 1354 quando
557 1287 812 1353 repudium
830 1290 901 1335 sui
921 1289 1183 1348 didicisset,
1201 1307 1254 1336 ac
1270 1307 1360 1355 pro
1380 1301 1513 1338 certo

82 1366 329 1432 probasset
358 1366 490 1433 quod
519 1385 648 1424 eam,
680 1367 791 1432 quia
827 1367 924 1431 ipsa
954 1366 1131 1423 nollet,
1161 1366 1250 1414 sibi
1285 1369 1511 1434 conjugio

83 1445 261 1493 sociare
285 1462 384 1492 non
416 1456 598 1509 posset;
626 1443 852 1492 frendens
881 1445 1048 1501 nimis,
1078 1463 1179 1492 non
1205 1463 1307 1493 eam
1333 1446 1512 1493 diutius

83 1541 242 1588 passus
263 1534 333 1571 est
350 1540 510 1570 secum
530 1521 854 1580 confabulari,
873 1523 951 1571 sed
970 1517 1135 1571 furore
1154 1524 1390 1588 repletus,
1406 1527 1514 1590 jus-

83 1601 145 1648 sit
163 1619 265 1649 eam
285 1611 417 1649 extra
440 1600 612 1648 urbem
636 1600 744 1647 duci
774 1611 822 1648 et
848 1602 1070 1666 protinus
1089 1601 1333 1649 decollari.
1359 1603 1510 1650 Ducta

81 1696 197 1727 vero
211 1678 268 1726 ad
286 1679 448 1726 locum
464 1677 795 1726 decollationis
808 1679 1084 1742 spiculatori
1103 1680 1374 1743 proximam
1390 1699 1515 1729 mor-

84 1769 181 1805 tem
199 1757 449 1821 praedixit,
475 1767 523 1804 et
545 1757 760 1820 expansis
780 1755 999 1802 manibus
1026 1758 1075 1802 in
1101 1758 1306 1815 coelum,
1328 1760 1510 1816 oravit,

83 1835 392 1900 Dominoque
424 1834 525 1882 Deo
563 1852 659 1881 sese
692 1833 976 1881 fiducialiter
1009 1836 1379 1883 commendavit.
1409 1836 1510 1897 Qua

84 1923 253 1961 orante
269 1949 283 1970 ‚
305 1929 398 1959 vox
425 1911 673 1958 desursum
699 1911 856 1959 audita
884 1922 952 1960 est
975 1931 986 1956 ε
1008 1912 1127 1960 Noli
1146 1915 1326 1971 timere,
1354 1914 1410 1960 V
1405 1914 1512 1961 ale-

85 1994 193 2050 ria,
230 1994 346 2056 quia
388 2002 645 2056 expectant
685 2001 728 2037 te
763 1992 812 2037 in
844 1991 1068 2038 claritate
1106 2010 1216 2056 quae
1249 1992 1384 2039 nullo
1400 1994 1513 2054 fine

85 2069 355 2117 claudetur.
379 2069 510 2115 Hanc
531 2085 698 2116 vocem
712 2068 905 2117 audiens
924 2070 1061 2135 xirgo
1081 2069 1310 2117 exultavit
1324 2107 1337 2129 ‚
1359 2082 1406 2118 et
1424 2071 1513 2119 ele-

132 2234 184 2280 (1)
210 2233 272 2269 On
298 2232 465 2280 pourrait
492 2232 676 2268 s'etonner
701 2233 747 2268 de
773 2234 853 2268 voir
880 2232 944 2269 des
970 2234 1093 2270 Goths
1121 2242 1158 2270 et
1184 2234 1248 2270 des
1276 2235 1442 2271 Gascons
1469 2249 1515 2272 en

86 2294 285 2342 Aquitaine
300 2293 390 2328 dans
403 2293 436 2328 lc
452 2293 612 2340 premier
626 2293 732 2329 siecle
746 2294 791 2328 de
808 2301 914 2329 notre
934 2295 1014 2339 ere,
1036 2295 1064 2330 si
1087 2295 1160 2330 l’on
1178 2307 1224 2330 ne
1244 2295 1356 2331 savait
1373 2309 1445 2345 que
1463 2297 1515 2333 les

83 2352 314 2401 legendaircs
332 2352 382 2387 du
403 2365 533 2399 moyen
553 2353 619 2400 :ige
645 2366 690 2389 ne
708 2353 908 2389 reculaient
929 2354 1061 2390 devant
1080 2367 1200 2390 aucun
1217 2356 1511 2392 anachronismo.

85 2412 138 2449 Ce
156 2412 213 2448 fut
230 2425 277 2447 au
295 2418 610 2447 connncncemcnt
627 2412 678 2447 du
693 2419 731 2446 νῦ
748 2413 854 2449 siecle
873 2415 984 2460 (412)
1003 2428 1075 2463 que
1091 2414 1142 2451 les
1156 2415 1278 2451 Goths
1296 2417 1511 2452 envaliirent

84 2472 120 2509 le
138 2473 257 2509 bassin
276 2474 367 2509 dela
387 2474 580 2518 Garonnn,
597 2481 633 2509 et
648 2473 738 2509 dans
757 2474 788 2510 le
807 2483 962 2510 conrant
978 2475 1029 2510 du
1046 2482 1097 2510 νιο
1111 2489 1183 2524 que
1201 2476 1233 2511 la
1251 2477 1511 2525 Novempopu-

85 2534 182 2570 lanie
200 2534 324 2582 perdit
341 2546 407 2569 son
431 2547 516 2569 nom
541 2546 634 2582 pour
652 2534 810 2582 prendre
829 2535 921 2570 celui
942 2535 988 2570 de
1006 2536 1206 2580 Vasconie,
1227 2540 1424 2584 empruute
1443 2550 1512 2573 aux

86 2594 252 2631 Vascons
267 2594 484 2642 d’Espagm·.
506 2596 553 2629 Lc
567 2595 642 2630 seul
663 2608 890 2643 personnage
908 2595 1115 2645 his-torique
1133 2597 1178 2632 dc
1195 2609 1255 2632 ces
1268 2600 1434 2633 contri-cs
1447 2600 1509 2646 qui

88 2651 139 2687 ait
152 2655 257 2700 porte
270 2652 303 2688 le
323 2665 409 2688 nom
428 2647 620 2689 d‘Etienno
632 2682 640 2697 ‚
657 2661 774 2689 estun
789 2661 908 2690 comte
922 2654 1173 2703 d'Auvergne,
1190 2657 1253 2692 tue
1268 2668 1333 2702 par
1348 2655 1400 2691 les
1415 2657 1512 2691 Nor-

89 2711 218 2748 mands
237 2725 282 2749 en
302 2712 382 2756 864.
