1738 3043
580 201 732 240 LIBER
762 201 1044 240 SECUNDUS.
1453 205 1532 243 363

99 282 181 330 bat
196 319 209 341 ,
239 283 524 347 insolitaque
544 281 631 329 sibi
652 282 784 347 signa
810 281 1015 328 videbat.
1036 283 1176 328 Tunc
1197 281 1387 329 Arnulli
1407 282 1501 330 filia
1517 320 1529 340 ‚

98 379 209 427 quae
227 379 251 408 a
271 361 515 408 daemonio
535 358 752 426 quotidie
771 359 1048 417 vexabatur,
1076 359 1379 406 immundum
1398 362 1534 426 spiri-

101 449 205 488 tum
237 440 549 505 praecipiente
582 438 790 485 Martiali
822 439 1060 494 evomuit,
1097 448 1143 485 et
1175 437 1306 503 quasi
1342 450 1531 486 mortua

96 517 216 564 facta
245 527 332 564 est.
355 516 446 564 Sed
464 517 538 562 vir
554 515 641 563 Dei
662 533 858 562 manum
879 517 975 579 ejus
1002 526 1168 562 tenens
1186 533 1289 562 cam
1308 517 1459 563 erexit
1486 527 1534 565 et

97 596 389 644 incolumem
416 595 538 660 patri
564 592 788 641 reddidit.
817 594 1050 640 Sanctitas
1083 594 1211 641 enim
1240 605 1286 640 et
1310 593 1534 660 benigni-

97 682 166 719 tas
185 690 239 719 ac
258 672 462 720 humana
481 671 724 718 humilitas
749 681 850 718 erat
870 671 917 717 in
943 688 999 718 eo
1018 681 1065 717 et
1094 671 1248 718 oratio
1264 671 1462 720 assidua.

160 752 388 816 Princeps
405 750 593 815 praefati
616 749 820 809 castelli,
843 751 1042 798 nomine
1058 750 1210 798 Nerva
1224 786 1237 808 ‚
1257 753 1533 816 consangui-

95 846 212 876 neus
243 839 345 877 erat
375 828 581 876 Neronis
613 829 941 894 imperatoris,
973 829 1106 893 cujus
1140 829 1265 876 filius
1290 849 1313 876 a
1339 829 1532 879 diabolo

94 907 351 955 suffocatus
367 918 454 954 est.
474 908 613 954 Pater
628 917 788 954 autem
807 918 854 954 et
871 917 1024 955 mater
1042 907 1284 965 defuncti,
1309 919 1356 955 et
1372 912 1531 957 omnis

94 986 301 1052 populus
319 987 402 1052 qui
423 986 610 1044 aderat,
634 996 743 1032 ante
767 985 907 1050 pedes
931 986 1082 1032 sancti
1102 986 1332 1034 Martialis
1355 1004 1403 1034 se
1422 1005 1532 1052 pro-

94 1074 392 1121 straverunt,
420 1074 467 1112 et
486 1082 658 1130 corpus
677 1063 988 1112 adolescentis
1008 1082 1118 1111 cum
1138 1083 1313 1130 magno
1331 1065 1530 1131 planctu

94 1152 142 1189 et
160 1142 338 1206 ejulatu
362 1143 583 1189 omnium
607 1152 718 1189 ante
746 1160 856 1189 eum
881 1144 1217 1207 projecerunt,
1248 1153 1391 1208 atque
1419 1162 1530 1191 cum

92 1220 318 1286 lacrymis
343 1220 570 1268 dixerunt
591 1242 601 1267 :
629 1222 793 1268 Homo
817 1222 941 1280 Dei,
970 1222 1157 1287 adjuva
1179 1241 1286 1270 nos.
1316 1223 1532 1270 Sanctis-

93 1298 240 1344 simus
273 1298 431 1364 itaque
456 1298 677 1363 pontifex
705 1298 871 1364 populi
906 1298 1098 1346 fletibus
1122 1299 1390 1347 condoluit.
1427 1301 1531 1365 Ipse

93 1376 238 1423 etiam
262 1394 373 1423 cum
395 1376 638 1442 discipulis
661 1378 755 1424 suis
782 1377 938 1435 flevit,
974 1387 1022 1425 et
1054 1395 1143 1442 pro
1170 1378 1533 1427 resuscitatione

92 1455 311 1503 defuncti
334 1457 720 1522 omnipotentem
745 1456 1009 1504 Dominum
1033 1474 1142 1503 cum
1172 1457 1266 1503 suis
1293 1459 1526 1505 exoravit.

92 1534 312 1600 Denique
336 1534 469 1582 finita
495 1536 739 1593 oratione,
777 1552 887 1582 cum
919 1547 1108 1582 sanctus
1141 1535 1316 1600 praesul
1349 1554 1531 1601 praece-

92 1613 236 1679 pisset
261 1624 316 1660 ut
333 1623 554 1661 mortuus
575 1615 623 1661 in
649 1614 848 1662 nomine
870 1613 1086 1661 crucifixi
1113 1613 1369 1661 Salvatoris
1387 1633 1530 1662 sanus

91 1702 388 1758 resurgeret,
425 1693 504 1740 ille
537 1693 698 1739 statim
729 1693 1017 1749 resurrexit,
1055 1709 1107 1738 ac
1136 1692 1194 1738 ad
1226 1691 1366 1756 pedes
1402 1692 1528 1740 beati

91 1770 183 1817 viri
208 1788 256 1817 se
280 1771 483 1835 projecit
509 1782 556 1818 et
586 1771 788 1818 clamare
816 1773 966 1834 coepit
996 1791 1006 1816 :
1037 1772 1251 1835 Baptiza
1270 1789 1360 1827 me,
1386 1770 1529 1818 lzomo

92 1848 215 1906 Dei,
241 1859 285 1895 et
307 1850 545 1914 consigna
567 1867 642 1895 me
659 1851 801 1914 signo
807 1848 956 1912 fidei.
983 1847 1164 1895 Deinde
1183 1847 1353 1912 adjecit
1377 1869 1386 1894 :
1414 1849 1528 1895 Duo

93 1926 355 1992 angeliaci
378 1944 452 1973 me
475 1938 708 1973 venerunt
738 1945 847 1973 cum
876 1944 1057 1992 magno
1082 1928 1285 1992 impetu,
1315 1926 1528 1974 (le'cenles

93 2004 226 2070 quod
235 2004 468 2071 precibus
492 2004 623 2051 beati
641 2005 889 2051 Martialis
911 2004 1225 2051 suscitandus
1251 2022 1417 2051 essem.
1441 2005 1529 2050 In-

74 2082 256 2149 fernus
281 2084 467 2130 nullam
495 2083 638 2130 lzabet
661 2101 958 2141 mensuram;
988 2083 1057 2129 ibi
1077 2094 1146 2130 est
1150 2084 1306 2147 fletus
1329 2095 1373 2130 et
1393 2102 1528 2130 ama-

92 2161 252 2208 ritudo
265 2184 287 2218 ,·
315 2161 386 2208 ibi
406 2173 516 2209 sunt
538 2162 764 2221 tenebrce,
791 2163 1003 2227 mugitus
1035 2172 1078 2208 et
1096 2161 1329 2227 planctus
1358 2172 1401 2207 et
1425 2163 1528 2208 tris-

93 2240 201 2286 titia
227 2257 410 2305 magna
423 2240 625 2304 ,2fi't'glts
643 2252 686 2287 et
703 2242 831 2305 ignis
855 2258 1064 2305 magnus
1083 2250 1126 2286 et
1146 2239 1414 2297 horribilis,
1439 2257 1528 2286 nec·

94 2335 307 2382 unquam
333 2317 591 2383 (leficiens,·
615 2336 802 2366 morsus
827 2320 1118 2383 serpentium
1145 2329 1188 2364 et
1205 2319 1366 2382 foetor
1393 2319 1525 2364 into—

94 2395 311 2443 lerabilis
325 2434 340 2455 ,
364 2396 572 2462 putredo
592 2407 636 2442 et
658 2399 880 2454 miseria,
912 2408 957 2443 et
983 2398 1156 2444 vermis
1177 2397 1263 2461 qui
1288 2413 1386 2443 non
1415 2414 1525 2442 mo-

93 2474 228 2520 ritur.
253 2474 337 2521 Ibi
351 2486 462 2521 sunt
485 2476 751 2522 carcerarii
769 2473 1030 2540 z‘tgsernales
1041 2513 1056 2533 ,
1083 2475 1169 2539 qui
1188 2475 1382 2521 animas
1402 2491 1525 2538 quas

94 2552 292 2616 rapiunt
315 2552 515 2600 diversis
521 2551 751 2617 flagellis
770 2554 1007 2600 cruciant.
1030 2551 1246 2617 Cumque
1267 2550 1368 2598 haec
1387 2561 1433 2597 ct
1453 2549 1525 2596 his

94 2627 264 2675 similia
298 2628 502 2687 diceret,
538 2641 738 2676 cunctus
768 2629 974 2694 populus
1007 2629 1270 2677 Dominum
1303 2628 1522 2675 confiteri

97 2707 246 2772 coepit
265 2746 277 2769 ‚
323 2708 483 2774 ibique
528 2721 641 2757 tunc·
679 2709 932 2757 hominum
971 2709 1220 2774 utriusque
1259 2725 1393 2755 sexus
1434 2707 1522 2754 tria
