1738 3043
248 247 324 281 ⁸282
614 239 853 278 HISTORIA
886 238 1288 279 ECCLESIASTICA.

248 322 454 368 litlitlima
480 319 550 382 (ι)
567 354 578 374 ,
613 337 720 383 quae
744 336 828 383 per
851 319 1118 366 doctrinam
1150 320 1294 367 Sosiae
1319 338 1540 369 conversa
1567 323 1662 371 sue—

249 411 344 452 rat,
382 396 650 461 apostolum
681 398 863 461 rogavit
896 408 945 442 ut
981 399 1188 444 xisitaret
1220 399 1528 445 Maximillam
1555 419 1659 466 quar

248 475 565 523 febricitabat.
595 474 657 520 At
680 475 756 522 ille
779 476 909 522 venit
927 475 980 521 ad
1003 475 1277 522 cubiculum
1299 476 1526 534 infirmae,
1545 496 1664 542 prae-

250 554 443 601 cedente
463 552 704 609 Eflidi1na;
734 564 781 601 et
804 553 921 599 saeta
944 554 1159 600 oratione
1175 590 1186 610 ‚
1218 553 1364 601 febris
1383 564 1453 601 est
1476 554 1631 620 fugata
1648 591 1660 611 ,

248 631 513 695 mulierque
539 642 713 676 sanata.
742 631 1001 677 l’roconsul
1019 641 1172 677 autem
1199 642 1389 678 centum
1419 643 1665 696 argenteos

250 721 411 756 saneto
432 709 514 755 Dei
537 708 713 755 obtulit
728 745 739 764 ‚
762 727 881 773 quos
903 709 980 755 ille
1003 726 1088 755 nee
1110 710 1314 773 aspicere
1334 709 1498 757 voluit.
1517 709 1666 756 Cum-

249 805 340 852 que
372 787 516 832 multa
550 787 677 851 signa
715 805 798 850 per
832 785 1020 833 beatum
1053 788 1319 851 apostolum
1355 787 1479 851 apud
1511 791 1667 834 Patras

250 875 519 928 agerentur,
545 874 591 909 et
610 863 766 927 plures
783 881 866 927 per
887 864 1207 928 corporalium
1229 864 1546 912 exhibitiones
1567 865 1670 929 opi-

253 943 540 989 tulationum
557 941 614 987 ad
633 941 769 987 fidem
791 941 965 987 Christi
984 941 1393 1005 pertraherentur,
1415 942 1670 989 Stratocles

254 1021 401 1067 frater
426 1020 564 1084 Egeae
596 1019 894 1082 proconsulis
924 1018 1114 1065 advenit
1140 1018 1196 1066 de
1221 1019 1376 1075 Italia3
1413 1021 1545 1083 eujus
1569 1037 1671 1066 ser-

257 1114 338 1142 vus
364 1097 559 1143 nomine
587 1096 814 1160 Algmana
845 1097 947 1159 (9),
972 1113 1115 1160 quem
1140 1095 1271 1142 valde
1294 1094 1546 1160 diligebat,
1577 1096 1672 1142 im-

255 1176 391 1240 pulsu
416 1175 647 1221 daemonis
667 1192 889 1238 spumans
915 1175 961 1220 in
991 1175 1112 1221 atrio
1132 1173 1332 1238 jacebat.
1355 1176 1475 1221 Ecce
1499 1191 1674 1239 magno

256 1254 467 1300 tumultu
490 1253 618 1300 facto
635 1290 645 1306 ,
670 1264 716 1300 et
742 1253 974 1299 Stratocle
1005 1253 1156 1300 nimio
1183 1253 1327 1299 animi
1353 1252 1519 1300 dolore
1541 1270 1674 1301 com—

255 1344 419 1392 moto,
447 1331 750 1386 suadentibus
777 1331 1030 1377 Maximilla
1057 1343 1103 1378 et
1127 1331 1339 1378 Effidima
1356 1366 1368 1387 ‚
1394 1331 1558 1378 beatus
1578 1330 1675 1377 An-

257 1411 388 1458 dreas
407 1411 658 1457 accersitus
681 1421 775 1467 est,
802 1410 995 1474 ipsoque
1013 1420 1203 1465 orante,
1223 1408 1541 1455 daemoniacus
1558 1425 1677 1473 puer

258 1501 443 1535 sanatus
468 1499 554 1535 est.
584 1488 839 1535 Stratocles
865 1505 977 1551 ergo
1011 1488 1059 1533 in
1086 1488 1347 1534 Dominum
1379 1486 1603 1544 credidit,
1630 1496 1677 1533 et

264 1568 310 1611 in
343 1566 433 1612 lide
464 1565 784 1621 confortatus,
814 1566 869 1611 ad
902 1564 1190 1611 audiendum
1224 1564 1425 1611 verbum
1449 1564 1531 1611 Dei
1565 1581 1677 1628 apo-

259 1642 383 1689 stolo
404 1642 616 1688 adhaesit.
646 1643 792 1706 Egens
812 1643 858 1687 in
886 1642 1210 1689 Macedoniam
1235 1641 1439 1698 abierat,
1466 1652 1512 1688 et
1529 1642 1678 1688 Maxi-

262 1720 415 1777 milla,
445 1737 551 1784 quae
576 1720 805 1783 spirituali
829 1737 989 1767 amore
1010 1719 1243 1776 fervebat,
1266 1719 1678 1783 opportunitatem

263 1808 315 1842 ut
340 1797 582 1843 coelestem
607 1797 873 1843 doctrinam
899 1796 956 1842 ab
983 1797 1198 1860 apostolo
1226 1797 1492 1860 perciperet
1519 1796 1678 1861 quoti-

263 1873 337 1919 ‹lie
352 1872 617 1937 quan-ebat,
635 1892 686 1919 ae
701 1874 754 1919 atl
776 1892 883 1919 eum
900 1873 979 1919 (lex
990 1884 1067 1920 ota
1088 1871 1317 1921 veniebat.
1336 1873 1502 1937 Magna
1523 1872 1679 1937 itaque

266 1951 590 2016 indignatione
627 1952 882 2015 proconsul
921 1962 1087 1998 eontra
1127 1951 1394 2016 apostolum
1431 1967 1678 1997 succensus

265 2039 390 2084 erat,
418 2046 473 2074 eo
497 2029 625 2093 quod
655 2046 775 2075 uxor
800 2031 896 2093 ejus
927 2041 1034 2093 post
1055 2040 1301 2093 acceptum
1324 2027 1492 2092 dogma
1519 2027 1679 2074 salutis

267 2106 304 2150 ei
334 2106 555 2170 conjungi
583 2105 794 2153 nolebat.

334 2184 520 2230 Amodo
545 2185 808 2248 passionem
838 2183 1091 2238 beatissimi
1118 2182 1320 2229 Andreae
1343 2181 1544 2246 apostoli
1569 2180 1680 2228 bre-

270 2262 387 2307 viter
411 2271 640 2307 annotare
656 2299 667 2319 ,
694 2271 740 2306 et
766 2260 929 2307 libello
956 2271 1123 2306 nostro
1146 2260 1279 2306 nitor
1303 2259 1532 2306 veraciter
1558 2259 1680 2305 inse·

268 2354 393 2391 rere3
415 2355 553 2400 quam
580 2337 846 2383 recondidit
877 2338 923 2383 in
953 2336 1255 2383 bibliothecis
1281 2337 1374 2382 suis
1399 2335 1459 2381 ab
1482 2335 1680 2400 antiquo

269 2424 505 2476 tempore,
529 2425 569 2459 et
602 2413 802 2459 fideliter
825 2416 992 2459 recitat
1016 2415 1091 2478 pia
1111 2413 1302 2460 devotio
1326 2423 1499 2459 sanctae
1520 2411 1681 2458 matris

272 2491 503 2537 Ecclesiae.
541 2491 671 2536 lllam
697 2492 924 2538 nimirum
948 2492 1213 2558 presbyteri
1246 2502 1292 2538 et
1314 2491 1498 2538 diaconi
1534 2489 1681 2537 ecele-

315 2688 364 2730 li)
392 2686 486 2719 Lissi-a
510 2716 513 2717 γ
541 2686 749 2730 Ιι“μΙιιίΙιιηια
773 2700 817 2721 ou
841 2688 1064 2732 Iflhc‘dnmm.

316 2746 487 2788 (¹1)l,i<c·z
547 2747 715 2779 Alcman.
