1738 3043
232 234 308 270 :332
598 230 838 268 msTomA
869 230 1268 270 ECCLESIASTICA.

231 313 305 357 tis.
333 311 518 356 Aurum
551 320 594 353 et
622 326 825 356 coronas
850 327 1022 355 aureas
1054 322 1096 355 et
1123 319 1373 374 argentum
1402 311 1465 356 ab
1488 310 1639 357 oculis

232 389 347 433 meis
376 386 539 432 tollite.
569 386 640 431 lte
652 424 667 443 ,
703 386 927 451 templum
955 387 1164 432 Domino
1183 386 1463 448 fabricate,
1499 397 1547 432 ut
1575 386 1643 432 ibi

233 464 590 527 congregemini
609 475 651 508 e!
668 465 857 528 paritet·
878 465 1089 509 audiatis
1113 464 1307 509 verbum
1328 465 1438 510 Dei.

310 541 419 601 Quo
461 541 649 596 audito,
691 541 944 605 gaudentes
988 541 1233 598 abierunt,
1278 540 1507 605 templum
1546 540 1645 588 Deo

236 635 294 664 Lx
335 618 484 664 millia
528 618 778 665 hominum
825 618 1054 665 fabricare
1099 629 1379 682 coeperunt,
1425 628 1473 666 et
1520 618 1644 664 intra

236 712 336 741 xxx
374 695 470 742 dies
500 705 709 743 sanctam
740 696 981 742 ecclesiam
1018 705 1478 742 consummaverunt.
1520 694 1647 740 Mat-

238 772 387 820 thaeus
407 773 558 829 illam,
581 791 669 837 pro
688 774 1044 820 resuscitatione
1063 773 1147 820 filii
1169 773 1305 838 regis,
1331 771 1648 819 Resurrectio-

238 867 349 897 nem
373 851 580 906 vocavit‚
610 849 767 914 ibique
793 866 914 896 xx111
941 850 1076 896 anuis
1098 849 1242 906 sedit,
1275 848 1579 914 presbyteros
1602 857 1649 896 et

235 927 452 974 diacones
481 928 730 974 constituit
748 963 761 983 ‚
788 931 1030 991 episcopos
1054 945 1138 991 per
1160 928 1372 974 civitates
1395 937 1442 974 et
1464 925 1649 973 castella

238 1004 501 1061 ordinavit,
529 1016 576 1052 et
600 1005 771 1051 multas
788 1005 999 1052 ecclesias
1019 1004 1284 1051 fabricavit.
1307 1005 1407 1051 Rex
1425 1013 1473 1051 et
1489 1003 1650 1069 regina

237 1092 285 1128 et
319 1082 457 1128 variae
490 1081 649 1146 plebes
678 1081 958 1146 AEthiopum
982 1081 1269 1146 baptismum
1299 1080 1472 1128 Christi
1497 1097 1652 1128 susce-

235 1169 439 1223 perunt,
467 1170 514 1207 et
535 1161 658 1224 magi
683 1160 902 1207 timentes
927 1160 982 1205 ad
1005 1158 1212 1206 Persidas
1235 1159 1479 1223 sugerunt.
1506 1159 1650 1205 Innu-

236 1254 362 1284 mera
383 1255 468 1301 per
486 1236 677 1284 beatum
696 1237 975 1284 Matthaeum
993 1237 1215 1284 miracula
1239 1237 1361 1283 facta
1383 1247 1494 1284 sunt
1507 1271 1521 1294 ,
1543 1253 1651 1301 quae

238 1314 514 1378 singillatim
550 1316 710 1362 omnia
745 1316 954 1362 enarrari
978 1333 1076 1362 non
1103 1325 1316 1379 possunt.
1354 1315 1478 1362 Nam
1511 1313 1651 1360 multi

236 1394 347 1440 caeci
367 1403 478 1439 sunt
502 1394 784 1450 illuminati,
811 1394 1057 1459 paralytici
1078 1393 1253 1455 curati,
1276 1392 1552 1440 daemoniaci
1571 1391 1652 1438 sal-

236 1480 354 1525 vati,
378 1481 556 1517 mortui
583 1482 724 1518 etiam
751 1482 979 1518 suscitati.

303 1547 729 1594 Cliristianissimus
746 1566 828 1594 rex
848 1549 1078 1612 Eglippus
1096 1549 1279 1612 expleta
1296 1558 1535 1596 senectute
1551 1564 1653 1612 per-

237 1625 361 1671 rexit
384 1624 438 1670 ad
463 1625 722 1671 Dominum
740 1661 752 1681 ‚
781 1637 827 1672 et
849 1627 1084 1690 Hyrtacus
1112 1626 1352 1690 Adelphus
1380 1627 1449 1689 (1)
1473 1626 1653 1690 accepit

239 1704 336 1764 ejus
358 1702 626 1765 imperium.
647 1704 733 1748 llic
749 1702 865 1748 dum
884 1703 1190 1768 Ephigeniam
1208 1704 1281 1766 (2)
1300 1703 1511 1750 defuncti
1531 1704 1653 1767 regis

240 1778 414 1835 liliam,
454 1796 562 1842 quae
591 1781 687 1841 jam
723 1779 913 1826 Christo
946 1780 1094 1826 dicata
1131 1798 1313 1826 sacrum
1346 1779 1558 1828 velamen
1596 1779 1653 1827 de

238 1873 384 1901 manu
417 1856 616 1918 apostoli
651 1868 917 1920 acceperat,
951 1859 1144 1922 jamque
1177 1859 1419 1922 virginum
1453 1857 1653 1922 amplius

239 1951 381 1998 quam
416 1934 729 1980 ducentarum
765 1937 1016 1999 praeposita
1051 1947 1176 1992 erat,
1212 1953 1410 1984 uxorem
1443 1936 1653 2000 accipere

242 2011 407 2068 vellet;
459 2030 648 2075 sperans
693 2012 822 2076 quod
865 2031 949 2076 per
994 2013 1263 2076 apostolum
1303 2015 1399 2077 ejus
1443 2013 1654 2060 animum

244 2106 545 2136 commovere
586 2100 767 2153 posset,
812 2092 961 2154 eoepit
1000 2108 1108 2136 eum
1147 2090 1229 2138 illo
1263 2108 1421 2156 agere,
1455 2090 1652 2152 dicens:

246 2167 515 2212 Dimidium
539 2169 677 2229 regni
698 2168 792 2213 mei
814 2169 985 2233 accipe
995 2205 1012 2225 ,
1039 2179 1224 2214 tantum
1249 2179 1298 2214 ut
1327 2168 1658 2233 Ephigeniam

237 2245 425 2308 possim
449 2246 754 2291 matrimonio
777 2263 879 2290 tneo
903 2245 1148 2310 copulare.
1178 2246 1315 2291 Tunc
1338 2243 1500 2291 beatus
1528 2244 1658 2292 Mat-

248 2320 396 2366 tliaeus
423 2322 563 2383 jussit
591 2339 749 2381 regem
780 2333 827 2367 et
858 2321 1168 2385 Ephigeniam
1194 2333 1241 2369 et
1273 2339 1465 2369 omnem
1500 2337 1657 2385 popu-

247 2397 346 2442 lum
373 2395 567 2444 sabbato
598 2397 751 2444 adesse
785 2399 830 2444 in
867 2399 1082 2455 ecelesia,
1115 2410 1167 2445 ut
1197 2399 1539 2463 omnipotentis
1573 2397 1653 2443 Dei

246 2474 466 2520 audirent
495 2473 654 2521 verba.
688 2475 826 2535 Quod
853 2488 899 2523 et
934 2476 1112 2523 factum
1148 2487 1232 2524 est.
1262 2477 1405 2524 Facto
1428 2484 1582 2521 autem
1608 2474 1654 2521 in

296 2668 343 2709 (ι’)
368 2665 605 2700 C'cst-a-‹lirv
624 2666 715 2699 [ri-re
734 2666 782 2701 du
805 2668 860 2703 sen
884 2681 949 2702 1'01.

302 2728 346 2767 ²2)
374 2726 471 2759 Lisez
495 2741 500 2758 ς
527 2725 765 2769 ΙρΙιιρνκιιιυη.
