1738 3043
648 169 803 212 LIBER
830 170 1110 212 SECUNDUS.
1516 176 1593 216 445

171 249 299 297 enim
323 249 554 297 asserebat
585 252 763 298 omnia.
798 251 959 297 Sacras
991 268 1105 316 ergo
1138 252 1364 317 imagines
1395 253 1444 300 in
1475 253 1596 301 urbe

170 328 296 392 regia
327 327 499 392 deponi
520 329 685 392 jussit,
719 338 766 375 et
796 328 843 374 in
878 329 1035 376 medio
1067 329 1266 375 {lammis
1298 332 1593 378 concremari

170 405 421 471 compulit.
462 406 776 454 Prohibentes
816 424 931 454 vero
971 406 1233 456 abscisione
1275 408 1466 472 capitis,
1512 420 1595 456 aut

168 483 372 531 aliorum
393 485 722 532 membrorum
741 484 1095 532 condemnavit.
1115 485 1408 533 Germanum
1426 488 1593 553 utique

169 563 746 627 constantinopolitanum
775 563 1063 619 antistitem,
1090 564 1172 628 qui
1199 562 1285 613 sibi
1314 565 1362 611 in
1386 564 1476 612 hoc
1506 564 1592 612 ob-

167 638 346 696 stabat,
382 640 640 705 praesulatu
672 639 904 704 privavit,
933 650 979 686 et
1004 639 1302 687 Anastasium
1335 641 1592 708 presbyte-

166 733 276 764 rum
302 717 592 782 subrogavit.
632 719 794 765 Mense
823 719 1070 782 januario,
1108 738 1194 783 per
1231 737 1260 766 x
1293 719 1390 767 dies
1427 721 1588 778 stella,

165 811 273 859 quae
299 795 499 843 Antefer
523 796 718 853 dicitur,
746 814 854 843 cum
880 796 1023 844 radiis
1049 798 1097 844 in
1119 798 1376 846 Occidente
1401 801 1587 847 micuit.

163 872 277 920 Post
294 872 395 921 haec
413 873 634 921 Tiberius
649 875 858 921 Petasius
877 892 1079 940 regnum
1102 875 1321 923 invadere
1346 877 1474 924 nisus
1494 887 1588 935 est,

163 950 243 998 sed
256 953 534 1016 Euticio(1)
552 952 755 1001 exarcho
770 963 816 1000 et
831 953 1057 1000 Romanis
1071 953 1395 1018 pugnantibus
1409 956 1589 1002 occisus

164 1039 250 1075 est.
286 1028 546 1094 Gregorius
577 1049 693 1095 papa
731 1048 785 1077 eL
819 1032 1064 1095 episcopos
1094 1030 1357 1085 ordinavit,
1398 1043 1444 1078 et
1480 1043 1589 1096 post

162 1107 312 1153 multa
348 1107 474 1155 bona
504 1127 648 1174 opera
684 1117 758 1156 111⁰
785 1109 886 1155 idus
915 1108 1143 1155 februarii
1177 1108 1232 1154 ad
1268 1107 1460 1155 beatum
1493 1111 1586 1156 Pe-

162 1194 294 1230 trum
318 1185 590 1250 apostolum
622 1186 833 1252 sepultus
863 1196 958 1243 est,
991 1197 1039 1232 et
1071 1186 1265 1231 cessavit
1294 1186 1587 1250 episcopatus

161 1278 322 1309 mense
343 1280 442 1311 uno
466 1263 631 1310 diebus
649 1281 679 1309 v
699 1266 786 1328 (2).

227 1339 487 1405 Gregorius
522 1342 695 1407 Syrus,
727 1360 784 1389 ex
818 1351 953 1406 patre
983 1343 1193 1398 Joanne,
1234 1342 1352 1389 sedit
1385 1342 1521 1388 annis
1556 1359 1586 1389 x

161 1417 403 1464 mensibus
421 1435 509 1467 vm
529 1418 694 1466 diebus
718 1436 831 1476 xxv,
854 1423 1013 1467 Leone
1035 1431 1081 1466 et
1100 1419 1420 1466 Constantino
1440 1420 1587 1484 impe-

161 1495 397 1544 rantibus.
431 1499 518 1544 llic
542 1499 819 1556 sanctitate,
851 1498 1052 1562 pietate,
1079 1498 1304 1562 sapientia
1323 1533 1337 1554 ,
1363 1515 1513 1562 graeca
1541 1508 1588 1545 et

160 1572 305 1621 latina
324 1575 541 1622 facundia
567 1575 825 1623 admodum
850 1576 1002 1622 clarus
1027 1575 1146 1632 fuit,
1170 1575 1318 1621 multa
1344 1575 1584 1633 condidit,

160 1662 210 1698 et
236 1653 283 1699 in
305 1653 468 1699 multis
487 1654 747 1701 Ecclesiam
771 1655 856 1701 Dei
874 1655 1081 1701 ornavit.
1106 1655 1160 1700 ln
1186 1653 1306 1701 urbe
1326 1655 1477 1701 Roma
1503 1672 1586 1719 sy—

160 1729 345 1777 nodum
369 1747 485 1777 xcm
510 1732 846 1796 episcoporum
868 1734 1202 1796 congregavit,
1234 1742 1402 1779 contra
1430 1732 1587 1780 haere—

208 1960 259 2005 (1)
287 1961 386 1995 Lisez
408 1977 413 1994 z
435 1961 640 2008 Eutychio.

207 2021 259 2066 (2)
284 2022 340 2056 Λιι
360 2021 433 2056 lieu
452 2020 496 2056 de
518 2021 657 2056 Bar-inu
676 2027 713 2055 et
732 2021 936 2062 Exclarat,
964 2020 1048 2054 liscz
1069 2020 1208 2054 Lurion
1227 2026 1264 2054 et
1284 2019 1502 2054 Exhilaml.
1521 2020 1586 2053 Les

163 2081 362 2126 premieres
380 2082 524 2115 mend-cs
542 2088 670 2115 contre
688 2079 721 2115 le
740 2092 832 2127 pape
851 2082 870 2114 a
888 2080 1129 2125 l’iustigation
1143 2079 1188 2114 dc
1204 2080 1422 2126 l'cmpereur
1438 2092 1586 2114 remon-

163 2147 242 2176 tent
264 2153 310 2175 au
327 2142 446 2176 moins
466 2141 610 2189 jusqu’ii
629 2141 716 2190 7¹26,
738 2143 880 2188 cpoque
900 2141 948 2174 ou
973 2139 1151 2174 Jourdaiu
1170 2139 1203 2174 le
1221 2139 1425 2175 Cartulaire
1444 2147 1479 2174 vt
1496 2141 1586 2174 Jcan

162 2201 300 2236 Lurion
322 2202 444 2236 sui-ent
462 2203 542 2236 tues
559 2200 686 2248 parles
704 2200 900 2243 Romains,
921 2207 958 2235 et
975 2199 1006 2234 lo
1021 2199 1092 2234 duc
1107 2199 1220 2234 Basile
1234 2199 1359 2234 chasse
1373 2199 1418 2233 ‹lo
1437 2199 1468 2233 la
1487 2198 1583 2233 ville.

163 2261 361 2309 L‘exarquc
379 2261 490 2304 Paul,
516 2262 652 2308 envoyc'·
671 2272 717 2295 en
738 2273 824 2309 727,
848 2273 893 2294 ne
916 2260 972 2294 sut
997 2271 1057 2306 pas
1079 2260 1201 2293 micux
1225 2259 1333 2294 traite
1359 2272 1424 2306 par
1441 2259 1491 2293 les
1510 2258 1585 2293 Ro-

163 2323 280 2357 mains
293 2351 301 2365 ‚
320 2329 358 2357 ct
375 2323 472 2369 perit
490 2320 579 2356 dans
599 2333 648 2356 un
669 2320 915 2356 soultwemvnt
938 2322 956 2354 ii
975 2319 1164 2360 llavenne,
1187 2331 1233 2353 en
1252 2320 1332 2367 728.
1352 2320 1398 2353 La
1417 2319 1586 2374 captivitc

163 2387 200 2415 et
219 2380 251 2415 le
266 2387 428 2415 mcurtre
443 2379 493 2414 du
509 2379 581 2414 duc
600 2379 646 2414 do
660 2379 792 2426 Naplcs
806 2378 1057 2424 (Eslzilaral)
1073 2385 1109 2413 ct
1123 2377 1168 2412 dc
1186 2390 1249 2412 son
1268 2377 1321 2411 lils
1342 2389 1433 2412 nous
1451 2377 1586 2424 parais-

166 2448 246 2476 sent
269 2441 479 2488 appartenir
502 2442 520 2474 ἐι
545 2439 576 2473 la
601 2439 720 2474 meme
741 2440 894 2486 cpoque.
922 2439 970 2472 La
996 2437 1131 2472 re'volte
1153 2436 1200 2471 dc
1225 2437 1360 2472 Tibi-re
1384 2438 1509 2472 Petaso
1534 2442 1586 2470 cst

167 2502 374 2537 anterieurc
398 2504 417 2536 ἐι
440 2500 539 2535 l'edit
565 2506 692 2535 contre
719 2499 770 2533 los
797 2499 953 2544 images,
983 2499 1046 2545 qui
1073 2510 1118 2531 nc
1148 2497 1202 2531 sut
1227 2496 1344 2532 rendu
1368 2498 1474 2544 qn'cn
1501 2494 1586 2544 750,

166 2561 329 2608 quoique
346 2560 566 2608 l'enipereur
584 2558 649 2593 eut
672 2560 882 2593 comunt-nec
898 2560 916 2592 ξι
937 2557 987 2591 lcs
1003 2563 1170 2604 attaquer
1185 2556 1248 2591 des
1272 2569 1352 2605 7⁷17.
1375 2558 1418 2590 La
1443 2556 1590 2602 deposi-

168 2621 247 2655 tion
265 2620 310 2656 de
326 2621 523 2663 Gen-main,
544 2619 751 2667 patriarche
765 2618 810 2652 dc
823 2616 1149 2663 Constantinoplc‚
1171 2623 1231 2651 cut
1251 2616 1324 2650 lieu
1341 2616 1372 2650 lc
1391 2628 1428 2663 ι’]
1447 2615 1590 2661 janvier

147 2675 159 2680 ’
170 2679 237 2729 750
248 2709 257 2723 ‚
278 2688 315 2716 et
330 2694 393 2716 son
409 2681 693 2727 remplacement
714 2691 776 2727 par
793 2680 965 2714 Anastaee
985 2678 1068 2724 cinq
1082 2677 1186 2723 jours
1203 2679 1321 2724 aprinc.
