1738 3043
256 246 333 282 270
625 240 864 279 HISTORIA
897 240 1298 280 ECCLESIASTICA.
1336 263 1340 267 =

256 321 514 386 gratissima
548 330 633 365 est.
673 319 806 366 Libet
840 338 952 385 ergo
987 320 1043 366 ad
1081 320 1263 367 laudem
1297 322 1667 385 cunctipotentis

261 398 440 445 Messiae
460 396 676 462 quaedam
698 396 805 444 inde
822 397 927 445 brex
943 399 1030 444 iter
1047 416 1321 461 excerpere,
1339 408 1385 445 et
1402 397 1510 445 huie
1530 417 1669 464 opus-

259 475 366 521 culo
397 484 564 521 nostro
590 474 809 521 inserere.
840 475 988 539 Igitur
1013 492 1119 520 cum
1150 474 1399 521 Matthaeus
1428 476 1668 540 apostolus

257 564 303 599 et
324 552 620 616 Exangelista
646 552 1030 617 Myrmidonibus
1060 551 1259 599 verbum
1289 552 1450 598 salutis
1474 570 1670 599 annun-

260 631 421 687 tiaret,
452 628 573 676 unde
590 647 613 674 a
634 628 763 675 (luris
787 628 967 675 civibus
986 629 1329 694 apprehensus,
1356 631 1502 677 erutis
1520 630 1670 678 oculis

258 707 306 754 in
332 725 515 753 carcere
542 706 715 752 catenis
741 705 1057 753 circumdatus
1073 718 1212 764 esset,
1243 707 1451 754 Andreas
1475 717 1672 772 aposto—-

259 786 354 842 lus,
385 784 552 849 angelo
584 785 667 831 Dei
695 784 917 848 jubente,
944 785 1000 830 ad
1028 784 1206 832 fretum
1235 785 1381 831 xenit.
1417 786 1470 832 ln
1507 786 1670 832 littore

257 864 446 911 inventa
468 880 582 909 nave
597 899 612 922 ,
630 880 742 910 mox
766 864 813 908 in
834 862 961 909 illam
979 863 1212 920 ascendit,
1241 874 1287 910 et
1306 881 1530 927 prospere
1552 862 1669 909 ssan-

259 939 384 987 tibus
408 941 561 987 xcutis
583 940 638 985 ad
671 939 838 985 urbem
869 938 948 984 ubi
975 950 1160 985 sanetus
1183 939 1436 987 Matthaeus
1460 941 1508 986 in
1537 957 1670 1005 squa-

257 1018 357 1065 lore
395 1018 591 1064 carceris
629 1017 879 1064 tenebatur
918 1018 1170 1082 navigavit.
1217 1017 1394 1065 Videns
1430 1035 1542 1066 vero
1582 1035 1670 1065 co-

255 1096 522 1161 apostolum
547 1113 686 1142 suum
715 1096 763 1141 in
787 1094 954 1143 dolore
978 1096 1130 1142 nimio
1156 1114 1265 1142 cum
1287 1095 1388 1142 aliis
1407 1096 1578 1142 vinctis
1600 1113 1671 1144 re-

254 1174 484 1222 sidentem
499 1210 512 1231 ,
536 1174 822 1221 amarissime
842 1173 996 1231 flevit,
1018 1173 1233 1238 factaque
1257 1173 1398 1220 simul
1423 1174 1666 1230 oratione,

254 1253 383 1301 locus
408 1253 485 1300 ille
508 1253 667 1299 statim
693 1252 1010 1309 contremuit,
1044 1263 1089 1299 et
1114 1252 1193 1298 lux
1218 1269 1384 1316 magna
1411 1252 1460 1298 in
1485 1268 1670 1298 carcere

256 1332 458 1380 refulsit.
495 1331 631 1378 Oculi
669 1346 861 1396 quoque
903 1329 1027 1377 beati
1070 1329 1381 1396 Evangelistae
1420 1329 1668 1376 restaurati

255 1420 394 1465 sunt,
422 1419 469 1456 et
492 1419 777 1455 cunctorum
812 1419 989 1454 catenae
1025 1407 1243 1454 relaxatae
1268 1417 1396 1454 sunt.
1433 1407 1510 1454 Sic
1541 1408 1668 1454 Mat-

255 1487 432 1544 thaeus‚
463 1497 509 1534 et
541 1505 706 1534 omncs
735 1487 837 1543 alii,
864 1487 946 1551 qui
973 1504 1080 1532 eum
1106 1503 1162 1534 eo
1188 1486 1332 1532 vincti
1354 1495 1514 1545 erant,
1534 1502 1669 1532 reso-

255 1565 342 1611 luti
373 1574 485 1610 sunt
512 1575 558 1611 et
590 1564 697 1610 inde
720 1562 943 1610 abierunt
962 1563 1056 1626 (1).
1085 1563 1299 1627 Cumque
1323 1562 1538 1609 Andreas
1562 1579 1669 1609 ver-

252 1643 369 1688 bum
400 1643 481 1689 Dei
515 1641 792 1705 przediearet
826 1640 1017 1696 incolis,
1055 1641 1210 1704 ipsum
1232 1638 1664 1704 apprehendentes,

254 1720 404 1784 ligatis
439 1718 636 1783 pedibus
671 1727 919 1765 traxerunt
954 1735 1038 1780 pei·
1074 1717 1276 1780 plateam
1308 1716 1525 1762 civitatis.
1560 1717 1665 1762 Jam

251 1798 420 1845 evulsis
437 1797 614 1861 capillis
632 1795 808 1843 {luebat
826 1796 1012 1860 sanguis
1026 1795 1082 1842 de
1102 1796 1252 1859 capite
1271 1794 1413 1841 illius.
1429 1794 1660 1852 Tandem,

251 1884 418 1922 orante
437 1873 677 1938 apostolo,
700 1874 845 1920 timor
865 1873 1030 1937 ingens
1053 1889 1194 1936 super
1219 1871 1506 1920 habitatores
1524 1871 1664 1937 Myr-

250 1952 475 2000 midoniae
507 1951 659 1997 factus
688 1961 782 2008 cst,
811 1961 856 1998 et
884 1950 959 1998 ille
992 1968 1103 1998 mox
1139 1950 1197 1996 ab
1230 1950 1295 1997 eis
1329 1949 1544 1996 dimissus
1573 1959 1660 1996 est.

249 2031 428 2079 Deinde
451 2030 675 2095 prostrati
701 2030 803 2077 solo
827 2039 936 2076 ante
967 2029 1107 2094 pedes
1133 2027 1333 2094 apostoli
1360 2025 1664 2092 praedicatio÷

250 2127 360 2157 nem
386 2111 482 2173 ejus
508 2119 817 2173 receperunt,
843 2118 889 2156 et
911 2108 1139 2155 divinitus
1174 2107 1387 2172 inspirati
1419 2104 1661 2153 credentes

251 2188 299 2233 in
324 2186 585 2233 Dominum
611 2185 833 2250 baptizati
864 2195 992 2231 sunt.
1028 2184 1237 2231 Andreas
1269 2183 1378 2231 inde
1407 2182 1656 2239 recedenS,

253 2264 299 2309 in
337 2264 580 2327 regionem
616 2280 746 2308 suam
782 2261 855 2324 (2)
890 2262 1047 2318 venit,
1083 2260 1244 2326 ibique
1278 2258 1516 2323 cujusdam
1548 2258 1658 2305 caeci

294 2515 345 2560 (1)
371 2515 417 2547 La
437 2513 660 2559 predication
680 2513 725 2548 de
745 2515 838 2548 saint
855 2514 1018 2548 Mathien
1037 2514 1123 2548 chez
1143 2513 1192 2548 les
1212 2512 1437 2560 Myrmidons
1454 2517 1510 2545 est
1528 2522 1577 2545 un
1593 2510 1659 2544 fait

248 2572 530 2620 completenwnt
545 2573 769 2619 apocryph&
790 2573 883 2607 aussi
903 2573 986 2607 bien
1004 2585 1075 2620 que
1091 2579 1170 2606 tout
1186 2572 1218 2606 le
1236 2579 1329 2607 reste
1348 2570 1410 2606 des
1427 2571 1657 2605 evene-ments

250 2635 438 2681 rapportes
467 2645 529 2679 par
549 2640 652 2667 notre
672 2641 801 2667 auteur
820 2639 1040 2668 concernant
1067 2633 1160 2666 saint
1185 2631 1322 2666 Andre.
1343 2630 1462 2665 Toute
1487 2635 1580 2664 cette
1604 2627 1655 2662 le-

252 2691 367 2735 gende
383 2698 438 2726 cst
454 2703 583 2725 encore
602 2694 818 2738 emprnntee
840 2704 882 2726 an
906 2693 985 2726 saux
1004 2690 1158 2731 Ahdias,
1178 2689 1234 2723 liv.
1258 2700 1307 2722 ιιι.

293 2752 342 2794 (2)
369 2749 553 2784 L'Aclna'ie.
