<?xml version="1.0" encoding="UTF-8"?>
<!DOCTYPE html PUBLIC "-//W3C//DTD XHTML 1.0 Transitional//EN"
    "http://www.w3.org/TR/xhtml1/DTD/xhtml1-transitional.dtd">
<html xmlns="http://www.w3.org/1999/xhtml" xml:lang="en" lang="en">
 <head>
  <title>
</title>
<meta http-equiv="Content-Type" content="text/html;charset=utf-8" />
  <meta name='ocr-system' content='tesseract 3.04.00' />
  <meta name='ocr-capabilities' content='ocr_page ocr_carea ocr_par ocr_line ocrx_word'/>
</head>
<body>
  <div class='ocr_page' id='page_1' title='image "./ordericivitalish01ordeuoft/ordericivitalish01ordeuoft_0265.png"; bbox 0 0 1738 3043; ppageno 0'>
   <div class='ocr_carea' id='block_1_1' title="bbox 520 218 1470 258">
    <p class='ocr_par' dir='ltr' id='par_1_1' title="bbox 520 218 1470 258">
     <span class='ocr_line' id='line_1_1' title="bbox 520 218 1470 258; baseline -0.004 0"><span class='ocrx_word' id='word_1_1' title='bbox 520 219 676 258; x_wconf 80' lang='lat' dir='ltr'>LIBER</span> <span class='ocrx_word' id='word_1_2' title='bbox 702 218 982 258; x_wconf 81' lang='lat' dir='ltr'>SECUNDUS.</span> <span class='ocrx_word' id='word_1_3' title='bbox 1391 218 1470 256; x_wconf 67' lang='lat'><strong>⁴24⁴.)</strong></span> 
     </span>
    </p>
   </div>
   <div class='ocr_carea' id='block_1_2' title="bbox 43 296 1480 1849">
    <p class='ocr_par' dir='ltr' id='par_1_2' title="bbox 43 296 1480 1282">
     <span class='ocr_line' id='line_1_2' title="bbox 46 296 1468 368; baseline -0.004 -19"><span class='ocrx_word' id='word_1_4' title='bbox 46 302 214 368; x_wconf 91' lang='lat' dir='ltr'><strong>pulum</strong></span> <span class='ocrx_word' id='word_1_5' title='bbox 234 300 319 348; x_wconf 88' lang='lat' dir='ltr'><strong>Dei</strong></span> <span class='ocrx_word' id='word_1_6' title='bbox 351 315 436 363; x_wconf 90' lang='lat' dir='ltr'><strong>per</strong></span> <span class='ocrx_word' id='word_1_7' title='bbox 465 299 649 347; x_wconf 83' lang='lat' dir='ltr'><strong>diversa</strong></span> <span class='ocrx_word' id='word_1_8' title='bbox 672 298 774 347; x_wconf 89' lang='lat' dir='ltr'><strong>loca</strong></span> <span class='ocrx_word' id='word_1_9' title='bbox 797 297 1060 362; x_wconf 83' lang='lat' dir='ltr'><strong>prudenter</strong></span> <span class='ocrx_word' id='word_1_10' title='bbox 1092 296 1308 361; x_wconf 84' lang='lat' dir='ltr'><strong>dispositi</strong></span> <span class='ocrx_word' id='word_1_11' title='bbox 1338 307 1468 344; x_wconf 88' lang='lat' dir='ltr'><strong>sunt.</strong></span> 
     </span>
     <span class='ocr_line' id='line_1_3' title="bbox 46 374 1470 442; baseline -0.004 -15"><span class='ocrx_word' id='word_1_12' title='bbox 46 381 166 427; x_wconf 87' lang='lat' dir='ltr'><strong>Nam</strong></span> <span class='ocrx_word' id='word_1_13' title='bbox 192 380 340 425; x_wconf 91' lang='lat' dir='ltr'><strong>Lucas</strong></span> <span class='ocrx_word' id='word_1_14' title='bbox 360 376 629 442; x_wconf 78' lang='lat' dir='ltr'><strong>Bithyniae,</strong></span> <span class='ocrx_word' id='word_1_15' title='bbox 663 376 803 422; x_wconf 86' lang='lat' dir='ltr'>Titus</span> <span class='ocrx_word' id='word_1_16' title='bbox 827 376 1008 432; x_wconf 77' lang='lat' dir='ltr'><strong>Cretae,</strong></span> <span class='ocrx_word' id='word_1_17' title='bbox 1038 375 1216 439; x_wconf 90' lang='lat' dir='ltr'><strong>Carpus</strong></span> <span class='ocrx_word' id='word_1_18' title='bbox 1234 374 1470 436; x_wconf 85' lang='lat' dir='ltr'><strong>Troadae,</strong></span> 
     </span>
     <span class='ocr_line' id='line_1_4' title="bbox 47 453 1469 520; baseline -0.004 -15"><span class='ocrx_word' id='word_1_19' title='bbox 47 456 328 505; x_wconf 82' lang='lat' dir='ltr'><strong>Timotheus</strong></span> <span class='ocrx_word' id='word_1_20' title='bbox 347 466 394 503; x_wconf 90' lang='lat' dir='ltr'><strong>et</strong></span> <span class='ocrx_word' id='word_1_21' title='bbox 418 454 690 520; x_wconf 85' lang='lat' dir='ltr'><strong>Archippus</strong></span> <span class='ocrx_word' id='word_1_22' title='bbox 715 455 764 500; x_wconf 92' lang='lat' dir='ltr'><strong>in</strong></span> <span class='ocrx_word' id='word_1_23' title='bbox 786 453 919 510; x_wconf 88' lang='lat' dir='ltr'><strong>Asia,</strong></span> <span class='ocrx_word' id='word_1_24' title='bbox 948 453 1242 518; x_wconf 90' lang='lat' dir='ltr'><strong>Trophimus</strong></span> <span class='ocrx_word' id='word_1_25' title='bbox 1263 453 1441 501; x_wconf 88' lang='lat' dir='ltr'><strong>Arelati</strong></span> <span class='ocrx_word' id='word_1_26' title='bbox 1454 489 1469 511; x_wconf 91' lang='lat'><strong>,</strong></span> 
     </span>
     <span class='ocr_line' id='line_1_5' title="bbox 45 530 1473 597; baseline -0.004 -14"><span class='ocrx_word' id='word_1_27' title='bbox 45 534 296 583; x_wconf 88' lang='lat' dir='ltr'><strong>Onesimus</strong></span> <span class='ocrx_word' id='word_1_28' title='bbox 338 532 543 597; x_wconf 85' lang='lat' dir='ltr'><strong>Ephesi,</strong></span> <span class='ocrx_word' id='word_1_29' title='bbox 586 530 841 579; x_wconf 89' lang='lat' dir='ltr'><strong>Sosthenes</strong></span> <span class='ocrx_word' id='word_1_30' title='bbox 880 530 1138 588; x_wconf 83' lang='lat' dir='ltr'><strong>Corinthi,</strong></span> <span class='ocrx_word' id='word_1_31' title='bbox 1182 532 1367 578; x_wconf 89' lang='lat' dir='ltr'><strong>Titicus</strong></span> <span class='ocrx_word' id='word_1_32' title='bbox 1402 530 1473 594; x_wconf 91' lang='lat'><strong>(1)</strong></span> 
     </span>
     <span class='ocr_line' id='line_1_6' title="bbox 46 608 1476 677; baseline -0.001 -17"><span class='ocrx_word' id='word_1_33' title='bbox 46 610 190 677; x_wconf 81' lang='lat' dir='ltr'><strong>Paphi</strong></span> <span class='ocrx_word' id='word_1_34' title='bbox 210 647 224 669; x_wconf 93' lang='lat'><strong>,</strong></span> <span class='ocrx_word' id='word_1_35' title='bbox 252 611 510 676; x_wconf 80' lang='lat' dir='ltr'><strong>Dionysius</strong></span> <span class='ocrx_word' id='word_1_36' title='bbox 528 609 813 675; x_wconf 82' lang='lat' dir='ltr'><strong>Areopagita</strong></span> <span class='ocrx_word' id='word_1_37' title='bbox 842 608 1043 656; x_wconf 87' lang='lat' dir='ltr'><strong>Athenis</strong></span> <span class='ocrx_word' id='word_1_38' title='bbox 1059 645 1073 667; x_wconf 87' lang='lat'><strong>,</strong></span> <span class='ocrx_word' id='word_1_39' title='bbox 1106 608 1354 674; x_wconf 85' lang='lat' dir='ltr'><strong>Epaphras</strong></span> <span class='ocrx_word' id='word_1_40' title='bbox 1379 610 1476 658; x_wconf 91' lang='lat' dir='ltr'><strong>Co—</strong></span> 
     </span>
     <span class='ocr_line' id='line_1_7' title="bbox 46 686 1475 752; baseline -0.001 -15"><span class='ocrx_word' id='word_1_41' title='bbox 46 690 178 738; x_wconf 92' lang='lat' dir='ltr'><strong>lossis</strong></span> <span class='ocrx_word' id='word_1_42' title='bbox 215 700 263 737; x_wconf 89' lang='lat' dir='ltr'><strong>et</strong></span> <span class='ocrx_word' id='word_1_43' title='bbox 304 689 500 735; x_wconf 88' lang='lat' dir='ltr'><strong>Erastus</strong></span> <span class='ocrx_word' id='word_1_44' title='bbox 537 686 770 752; x_wconf 88' lang='lat' dir='ltr'><strong>Philippis</strong></span> <span class='ocrx_word' id='word_1_45' title='bbox 813 698 916 736; x_wconf 88' lang='lat' dir='ltr'><strong>rete</strong></span> <span class='ocrx_word' id='word_1_46' title='bbox 960 687 1067 735; x_wconf 82' lang='lat' dir='ltr'><strong>fidei</strong></span> <span class='ocrx_word' id='word_1_47' title='bbox 1111 688 1185 752; x_wconf 86' lang='lat'><strong>(2)</strong></span> <span class='ocrx_word' id='word_1_48' title='bbox 1233 687 1475 752; x_wconf 88' lang='lat' dir='ltr'><strong>expande-</strong></span> 
     </span>
     <span class='ocr_line' id='line_1_8' title="bbox 46 764 1472 831; baseline -0.001 -18"><span class='ocrx_word' id='word_1_49' title='bbox 46 778 197 826; x_wconf 87' lang='lat' dir='ltr'><strong>runt,</strong></span> <span class='ocrx_word' id='word_1_50' title='bbox 247 766 559 831; x_wconf 88' lang='lat' dir='ltr'><strong>ethnicosque</strong></span> <span class='ocrx_word' id='word_1_51' title='bbox 602 776 760 812; x_wconf 86' lang='lat' dir='ltr'><strong>coetus</strong></span> <span class='ocrx_word' id='word_1_52' title='bbox 803 765 862 812; x_wconf 92' lang='lat' dir='ltr'><strong>de</strong></span> <span class='ocrx_word' id='word_1_53' title='bbox 901 764 1112 813; x_wconf 88' lang='lat' dir='ltr'><strong>tenebris</strong></span> <span class='ocrx_word' id='word_1_54' title='bbox 1152 765 1472 830; x_wconf 79' lang='lat' dir='ltr'><strong>ignorantiae,</strong></span> 
     </span>
     <span class='ocr_line' id='line_1_9' title="bbox 48 841 1474 908; baseline -0.002 -18"><span class='ocrx_word' id='word_1_55' title='bbox 48 844 193 892; x_wconf 91' lang='lat' dir='ltr'><strong>veluti</strong></span> <span class='ocrx_word' id='word_1_56' title='bbox 225 844 374 908; x_wconf 86' lang='lat' dir='ltr'><strong>pisces</strong></span> <span class='ocrx_word' id='word_1_57' title='bbox 405 842 463 890; x_wconf 91' lang='lat' dir='ltr'><strong>de</strong></span> <span class='ocrx_word' id='word_1_58' title='bbox 490 841 737 908; x_wconf 91' lang='lat' dir='ltr'><strong>profundo</strong></span> <span class='ocrx_word' id='word_1_59' title='bbox 767 842 918 908; x_wconf 83' lang='lat' dir='ltr'><strong>pelagi</strong></span> <span class='ocrx_word' id='word_1_60' title='bbox 941 878 954 901; x_wconf 91' lang='lat'><strong>,</strong></span> <span class='ocrx_word' id='word_1_61' title='bbox 987 841 1046 890; x_wconf 88' lang='lat' dir='ltr'><strong>ad</strong></span> <span class='ocrx_word' id='word_1_62' title='bbox 1070 842 1235 890; x_wconf 90' lang='lat' dir='ltr'><strong>lumen</strong></span> <span class='ocrx_word' id='word_1_63' title='bbox 1261 842 1474 889; x_wconf 85' lang='lat' dir='ltr'><strong>veritatis</strong></span> 
     </span>
     <span class='ocr_line' id='line_1_10' title="bbox 46 921 1476 989; baseline -0.002 -19"><span class='ocrx_word' id='word_1_64' title='bbox 46 933 401 989; x_wconf 83' lang='lat' dir='ltr'><strong>pertraxerunt.</strong></span> <span class='ocrx_word' id='word_1_65' title='bbox 443 922 649 969; x_wconf 82' lang='lat' dir='ltr'><strong>Justitiae</strong></span> <span class='ocrx_word' id='word_1_66' title='bbox 691 939 886 987; x_wconf 88' lang='lat' dir='ltr'><strong>quoque</strong></span> <span class='ocrx_word' id='word_1_67' title='bbox 933 922 1151 970; x_wconf 85' lang='lat' dir='ltr'><strong>semitam</strong></span> <span class='ocrx_word' id='word_1_68' title='bbox 1191 923 1316 968; x_wconf 91' lang='lat' dir='ltr'><strong>sicut</strong></span> <span class='ocrx_word' id='word_1_69' title='bbox 1360 921 1476 968; x_wconf 90' lang='lat' dir='ltr'><strong>alios</strong></span> 
     </span>
     <span class='ocr_line' id='line_1_11' title="bbox 43 999 1473 1059; baseline -0.003 -9"><span class='ocrx_word' id='word_1_70' title='bbox 43 1002 342 1059; x_wconf 88' lang='lat' dir='ltr'><strong>docuerunt,</strong></span> <span class='ocrx_word' id='word_1_71' title='bbox 385 1001 452 1048; x_wconf 90' lang='lat' dir='ltr'><strong>sic</strong></span> <span class='ocrx_word' id='word_1_72' title='bbox 488 1002 538 1048; x_wconf 91' lang='lat' dir='ltr'><strong>in</strong></span> <span class='ocrx_word' id='word_1_73' title='bbox 571 999 730 1048; x_wconf 88' lang='lat' dir='ltr'><strong>verbis</strong></span> <span class='ocrx_word' id='word_1_74' title='bbox 767 1010 816 1048; x_wconf 89' lang='lat' dir='ltr'><strong>et</strong></span> <span class='ocrx_word' id='word_1_75' title='bbox 847 1000 1035 1048; x_wconf 86' lang='lat' dir='ltr'><strong>actibus</strong></span> <span class='ocrx_word' id='word_1_76' title='bbox 1061 1001 1156 1048; x_wconf 91' lang='lat' dir='ltr'><strong>suis</strong></span> <span class='ocrx_word' id='word_1_77' title='bbox 1192 1009 1473 1048; x_wconf 86' lang='lat' dir='ltr'><strong>tenuerunt.</strong></span> 
     </span>
     <span class='ocr_line' id='line_1_12' title="bbox 46 1076 1480 1144; baseline -0.003 -18"><span class='ocrx_word' id='word_1_78' title='bbox 46 1079 254 1127; x_wconf 83' lang='lat' dir='ltr'><strong>Nomina</strong></span> <span class='ocrx_word' id='word_1_79' title='bbox 283 1095 398 1144; x_wconf 82' lang='lat' dir='ltr'><strong>ergo</strong></span> <span class='ocrx_word' id='word_1_80' title='bbox 427 1095 597 1125; x_wconf 91' lang='lat' dir='ltr'><strong>eorum</strong></span> <span class='ocrx_word' id='word_1_81' title='bbox 623 1078 673 1124; x_wconf 90' lang='lat' dir='ltr'><strong>in</strong></span> <span class='ocrx_word' id='word_1_82' title='bbox 705 1076 833 1126; x_wconf 88' lang='lat' dir='ltr'><strong>libro</strong></span> <span class='ocrx_word' id='word_1_83' title='bbox 856 1078 969 1125; x_wconf 83' lang='lat' dir='ltr'><strong>vitae</strong></span> <span class='ocrx_word' id='word_1_84' title='bbox 993 1078 1228 1142; x_wconf 87' lang='lat' dir='ltr'><strong>adscripta</strong></span> <span class='ocrx_word' id='word_1_85' title='bbox 1257 1087 1395 1135; x_wconf 89' lang='lat' dir='ltr'><strong>sunt,</strong></span> <span class='ocrx_word' id='word_1_86' title='bbox 1431 1087 1480 1125; x_wconf 94' lang='lat' dir='ltr'><strong>et</strong></span> 
     </span>
     <span class='ocr_line' id='line_1_13' title="bbox 45 1155 1477 1222; baseline 0.001 -19"><span class='ocrx_word' id='word_1_87' title='bbox 45 1157 326 1222; x_wconf 83' lang='lat' dir='ltr'><strong>sapientiam</strong></span> <span class='ocrx_word' id='word_1_88' title='bbox 361 1173 530 1204; x_wconf 89' lang='lat' dir='ltr'><strong>eorum</strong></span> <span class='ocrx_word' id='word_1_89' title='bbox 565 1166 709 1221; x_wconf 82' lang='lat' dir='ltr'><strong>atque</strong></span> <span class='ocrx_word' id='word_1_90' title='bbox 742 1155 931 1204; x_wconf 89' lang='lat' dir='ltr'><strong>laudem</strong></span> <span class='ocrx_word' id='word_1_91' title='bbox 964 1174 1132 1205; x_wconf 92' lang='lat' dir='ltr'><strong>omnes</strong></span> <span class='ocrx_word' id='word_1_92' title='bbox 1166 1156 1333 1222; x_wconf 90' lang='lat' dir='ltr'><strong>populi</strong></span> <span class='ocrx_word' id='word_1_93' title='bbox 1365 1173 1477 1221; x_wconf 85' lang='lat' dir='ltr'><strong>pro-</strong></span> 
     </span>
     <span class='ocr_line' id='line_1_14' title="bbox 45 1233 362 1282; baseline -0.006 0"><span class='ocrx_word' id='word_1_94' title='bbox 45 1233 362 1282; x_wconf 88' lang='lat' dir='ltr'><strong>nuntiabunt.</strong></span> 
     </span>
    </p>

    <p class='ocr_par' dir='ltr' id='par_1_3' title="bbox 45 1310 1480 1849">
     <span class='ocr_line' id='line_1_15' title="bbox 110 1310 1480 1378; baseline 0 -19"><span class='ocrx_word' id='word_1_95' title='bbox 110 1312 301 1361; x_wconf 85' lang='lat' dir='ltr'><strong>Amodo</strong></span> <span class='ocrx_word' id='word_1_96' title='bbox 332 1311 533 1378; x_wconf 82' lang='lat' dir='ltr'><strong>dignum</strong></span> <span class='ocrx_word' id='word_1_97' title='bbox 560 1321 630 1359; x_wconf 89' lang='lat' dir='ltr'><strong>est</strong></span> <span class='ocrx_word' id='word_1_98' title='bbox 664 1322 719 1359; x_wconf 95' lang='lat' dir='ltr'><strong>ut</strong></span> <span class='ocrx_word' id='word_1_99' title='bbox 750 1310 808 1358; x_wconf 90' lang='lat' dir='ltr'><strong>de</strong></span> <span class='ocrx_word' id='word_1_100' title='bbox 841 1311 1120 1377; x_wconf 84' lang='lat' dir='ltr'><strong>triumphali</strong></span> <span class='ocrx_word' id='word_1_101' title='bbox 1151 1322 1309 1360; x_wconf 87' lang='lat' dir='ltr'><strong>morte</strong></span> <span class='ocrx_word' id='word_1_102' title='bbox 1342 1329 1480 1359; x_wconf 89' lang='lat' dir='ltr'><strong>sanc—</strong></span> 
     </span>
     <span class='ocr_line' id='line_1_16' title="bbox 48 1390 1478 1457; baseline -0.001 -19"><span class='ocrx_word' id='word_1_103' title='bbox 48 1402 212 1439; x_wconf 87' lang='lat' dir='ltr'><strong>torum</strong></span> <span class='ocrx_word' id='word_1_104' title='bbox 232 1392 422 1457; x_wconf 85' lang='lat' dir='ltr'><strong>loquar,</strong></span> <span class='ocrx_word' id='word_1_105' title='bbox 449 1401 496 1439; x_wconf 90' lang='lat' dir='ltr'><strong>et</strong></span> <span class='ocrx_word' id='word_1_106' title='bbox 519 1390 690 1438; x_wconf 86' lang='lat' dir='ltr'><strong>seriem</strong></span> <span class='ocrx_word' id='word_1_107' title='bbox 714 1391 1005 1438; x_wconf 88' lang='lat' dir='ltr'><strong>narrationis</strong></span> <span class='ocrx_word' id='word_1_108' title='bbox 1029 1409 1085 1438; x_wconf 87' lang='lat' dir='ltr'><strong>ex</strong></span> <span class='ocrx_word' id='word_1_109' title='bbox 1107 1402 1302 1455; x_wconf 90' lang='lat' dir='ltr'><strong>patrum</strong></span> <span class='ocrx_word' id='word_1_110' title='bbox 1331 1391 1478 1438; x_wconf 89' lang='lat' dir='ltr'><strong>docu-</strong></span> 
     </span>
     <span class='ocr_line' id='line_1_17' title="bbox 45 1468 1480 1534; baseline -0.002 -17"><span class='ocrx_word' id='word_1_111' title='bbox 45 1471 220 1518; x_wconf 86' lang='lat' dir='ltr'><strong>mentis</strong></span> <span class='ocrx_word' id='word_1_112' title='bbox 243 1470 474 1517; x_wconf 85' lang='lat' dir='ltr'><strong>veraciter</strong></span> <span class='ocrx_word' id='word_1_113' title='bbox 503 1486 769 1534; x_wconf 85' lang='lat' dir='ltr'><strong>prosequar</strong></span> <span class='ocrx_word' id='word_1_114' title='bbox 794 1489 804 1514; x_wconf 77' lang='grc' dir='ltr'>ε</span> <span class='ocrx_word' id='word_1_115' title='bbox 837 1469 1046 1534; x_wconf 87' lang='lat' dir='ltr'><strong>qualiter</strong></span> <span class='ocrx_word' id='word_1_116' title='bbox 1078 1469 1275 1534; x_wconf 82' lang='lat' dir='ltr'><strong>gloriosi</strong></span> <span class='ocrx_word' id='word_1_117' title='bbox 1302 1468 1480 1533; x_wconf 86' lang='lat' dir='ltr'><strong>princi-</strong></span> 
     </span>
     <span class='ocr_line' id='line_1_18' title="bbox 45 1545 1479 1612; baseline -0.001 -17"><span class='ocrx_word' id='word_1_118' title='bbox 45 1565 125 1612; x_wconf 84' lang='lat' dir='ltr'><strong>pes</strong></span> <span class='ocrx_word' id='word_1_119' title='bbox 173 1557 315 1594; x_wconf 84' lang='lat' dir='ltr'><strong>terrae</strong></span> <span class='ocrx_word' id='word_1_120' title='bbox 361 1546 589 1594; x_wconf 82' lang='lat' dir='ltr'><strong>vexillum</strong></span> <span class='ocrx_word' id='word_1_121' title='bbox 648 1547 748 1594; x_wconf 86' lang='lat' dir='ltr'><strong>veri</strong></span> <span class='ocrx_word' id='word_1_122' title='bbox 804 1548 946 1594; x_wconf 85' lang='lat' dir='ltr'><strong>Josue.</strong></span> <span class='ocrx_word' id='word_1_123' title='bbox 990 1545 1224 1594; x_wconf 87' lang='lat' dir='ltr'><strong>nobiliter</strong></span> <span class='ocrx_word' id='word_1_124' title='bbox 1272 1546 1479 1594; x_wconf 86' lang='lat' dir='ltr'><strong>ferentes</strong></span> 
     </span>
     <span class='ocr_line' id='line_1_19' title="bbox 46 1625 1477 1692; baseline 0 -19"><span class='ocrx_word' id='word_1_125' title='bbox 46 1627 431 1692; x_wconf 84' lang='lat' dir='ltr'><strong>repromissionis</strong></span> <span class='ocrx_word' id='word_1_126' title='bbox 466 1637 644 1674; x_wconf 84' lang='lat' dir='ltr'><strong>terram</strong></span> <span class='ocrx_word' id='word_1_127' title='bbox 673 1625 1026 1686; x_wconf 88' lang='lat' dir='ltr'><strong>obtinuerunt,</strong></span> <span class='ocrx_word' id='word_1_128' title='bbox 1057 1636 1106 1674; x_wconf 89' lang='lat' dir='ltr'><strong>et</strong></span> <span class='ocrx_word' id='word_1_129' title='bbox 1140 1626 1388 1691; x_wconf 87' lang='lat' dir='ltr'><strong>quomodo</strong></span> <span class='ocrx_word' id='word_1_130' title='bbox 1428 1627 1477 1673; x_wconf 91' lang='lat' dir='ltr'><strong>in</strong></span> 
     </span>
     <span class='ocr_line' id='line_1_20' title="bbox 47 1704 1477 1770; baseline -0.001 -18"><span class='ocrx_word' id='word_1_131' title='bbox 47 1706 141 1752; x_wconf 79' lang='lat' dir='ltr'><strong>vita</strong></span> <span class='ocrx_word' id='word_1_132' title='bbox 164 1723 245 1753; x_wconf 87' lang='lat' dir='ltr'><strong>sua</strong></span> <span class='ocrx_word' id='word_1_133' title='bbox 269 1723 365 1753; x_wconf 88' lang='lat' dir='ltr'><strong>sese</strong></span> <span class='ocrx_word' id='word_1_134' title='bbox 387 1704 690 1763; x_wconf 85' lang='lat' dir='ltr'><strong>dilexerunt,</strong></span> <span class='ocrx_word' id='word_1_135' title='bbox 721 1705 784 1752; x_wconf 86' lang='lat' dir='ltr'><strong>ita</strong></span> <span class='ocrx_word' id='word_1_136' title='bbox 808 1716 856 1753; x_wconf 87' lang='lat' dir='ltr'><strong>et</strong></span> <span class='ocrx_word' id='word_1_137' title='bbox 879 1706 929 1752; x_wconf 91' lang='lat' dir='ltr'><strong>in</strong></span> <span class='ocrx_word' id='word_1_138' title='bbox 957 1715 1116 1753; x_wconf 86' lang='lat' dir='ltr'><strong>morte</strong></span> <span class='ocrx_word' id='word_1_139' title='bbox 1149 1706 1350 1770; x_wconf 85' lang='lat' dir='ltr'><strong>separati</strong></span> <span class='ocrx_word' id='word_1_140' title='bbox 1376 1722 1477 1753; x_wconf 91' lang='lat' dir='ltr'><strong>non</strong></span> 
     </span>
     <span class='ocr_line' id='line_1_21' title="bbox 47 1784 1479 1849; baseline -0.001 -18"><span class='ocrx_word' id='word_1_141' title='bbox 47 1795 186 1842; x_wconf 90' lang='lat' dir='ltr'><strong>sunt,</strong></span> <span class='ocrx_word' id='word_1_142' title='bbox 213 1784 294 1833; x_wconf 90' lang='lat' dir='ltr'><strong>sed</strong></span> <span class='ocrx_word' id='word_1_143' title='bbox 313 1801 414 1832; x_wconf 90' lang='lat' dir='ltr'><strong>uno</strong></span> <span class='ocrx_word' id='word_1_144' title='bbox 436 1785 612 1849; x_wconf 88' lang='lat' dir='ltr'><strong>spiritu</strong></span> <span class='ocrx_word' id='word_1_145' title='bbox 633 1784 852 1832; x_wconf 86' lang='lat' dir='ltr'><strong>ardentes</strong></span> <span class='ocrx_word' id='word_1_146' title='bbox 866 1819 880 1841; x_wconf 93' lang='lat'>‚</span> <span class='ocrx_word' id='word_1_147' title='bbox 909 1793 1079 1831; x_wconf 88' lang='lat' dir='ltr'><strong>contra</strong></span> <span class='ocrx_word' id='word_1_148' title='bbox 1103 1784 1348 1832; x_wconf 87' lang='lat' dir='ltr'><strong>Neronem</strong></span> <span class='ocrx_word' id='word_1_149' title='bbox 1370 1784 1479 1830; x_wconf 77' lang='lat' dir='ltr'><strong>Cae-</strong></span> 
     </span>
    </p>
   </div>
   <div class='ocr_carea' id='block_1_3' title="bbox 49 2021 1484 2787">
    <p class='ocr_par' dir='ltr' id='par_1_4' title="bbox 93 2021 525 2069">
     <span class='ocr_line' id='line_1_22' title="bbox 93 2021 525 2069; baseline -0.007 -11"><span class='ocrx_word' id='word_1_150' title='bbox 93 2024 145 2069; x_wconf 91' lang='lat'><strong>(1)</strong></span> <span class='ocrx_word' id='word_1_151' title='bbox 171 2022 294 2058; x_wconf 86' lang='lat' dir='ltr'><strong>Lisez:</strong></span> <span class='ocrx_word' id='word_1_152' title='bbox 323 2021 525 2069; x_wconf 72' lang='lat' dir='ltr'><strong>TychicuS.</strong></span> 
     </span>
    </p>

    <p class='ocr_par' dir='ltr' id='par_1_5' title="bbox 49 2080 1484 2787">
     <span class='ocr_line' id='line_1_23' title="bbox 95 2080 1479 2129; baseline -0.003 -11"><span class='ocrx_word' id='word_1_153' title='bbox 95 2083 145 2129; x_wconf 73' lang='lat'><strong>(¹2)</strong></span> <span class='ocrx_word' id='word_1_154' title='bbox 170 2083 275 2118; x_wconf 86' lang='lat' dir='ltr'><strong>Saint</strong></span> <span class='ocrx_word' id='word_1_155' title='bbox 294 2082 516 2129; x_wconf 78' lang='lat' dir='ltr'><strong>Trophimo,</strong></span> <span class='ocrx_word' id='word_1_156' title='bbox 547 2080 700 2128; x_wconf 85' lang='lat' dir='ltr'><strong>‹lisciple</strong></span> <span class='ocrx_word' id='word_1_157' title='bbox 728 2080 774 2115; x_wconf 87' lang='lat' dir='ltr'><strong>de</strong></span> <span class='ocrx_word' id='word_1_158' title='bbox 800 2080 895 2114; x_wconf 84' lang='lat' dir='ltr'><strong>saint</strong></span> <span class='ocrx_word' id='word_1_159' title='bbox 914 2080 1023 2123; x_wconf 84' lang='lat' dir='ltr'><strong>Paul,</strong></span> <span class='ocrx_word' id='word_1_160' title='bbox 1046 2081 1101 2114; x_wconf 74' lang='lat' dir='ltr'><strong>n&#39;a</strong></span> <span class='ocrx_word' id='word_1_161' title='bbox 1126 2080 1206 2115; x_wconf 86' lang='lat' dir='ltr'><strong>rien</strong></span> <span class='ocrx_word' id='word_1_162' title='bbox 1230 2080 1276 2115; x_wconf 91' lang='lat' dir='ltr'><strong>de</strong></span> <span class='ocrx_word' id='word_1_163' title='bbox 1305 2092 1479 2114; x_wconf 79' lang='lat' dir='ltr'><strong>commun</strong></span> 
     </span>
     <span class='ocr_line' id='line_1_24' title="bbox 49 2139 1481 2189; baseline -0.002 -12"><span class='ocrx_word' id='word_1_164' title='bbox 49 2154 131 2177; x_wconf 83' lang='lat' dir='ltr'><strong>avec</strong></span> <span class='ocrx_word' id='word_1_165' title='bbox 149 2155 213 2177; x_wconf 93' lang='lat' dir='ltr'><strong>son</strong></span> <span class='ocrx_word' id='word_1_166' title='bbox 232 2143 456 2189; x_wconf 65' lang='lat' dir='ltr'><strong>homonyme</strong></span> <span class='ocrx_word' id='word_1_167' title='bbox 469 2170 477 2185; x_wconf 91' lang='lat'><strong>,</strong></span> <span class='ocrx_word' id='word_1_168' title='bbox 499 2142 637 2189; x_wconf 62' lang='lat' dir='ltr'><strong>eveque</strong></span> <span class='ocrx_word' id='word_1_169' title='bbox 662 2140 822 2184; x_wconf 79' lang='lat' dir='ltr'><strong>‹l&#39;Arl‹·s‚</strong></span> <span class='ocrx_word' id='word_1_170' title='bbox 843 2140 919 2174; x_wconf 90' lang='lat' dir='ltr'><strong>l&#39;un</strong></span> <span class='ocrx_word' id='word_1_171' title='bbox 946 2139 1009 2174; x_wconf 75' lang='lat' dir='ltr'><strong>dos</strong></span> <span class='ocrx_word' id='word_1_172' title='bbox 1029 2147 1107 2187; x_wconf 87' lang='lat' dir='ltr'><strong>sept</strong></span> <span class='ocrx_word' id='word_1_173' title='bbox 1125 2139 1260 2187; x_wconf 56' lang='lat' dir='ltr'><strong>pre-lats</strong></span> <span class='ocrx_word' id='word_1_174' title='bbox 1279 2139 1371 2174; x_wconf 88' lang='lat' dir='ltr'><strong>dont</strong></span> <span class='ocrx_word' id='word_1_175' title='bbox 1388 2151 1481 2174; x_wconf 86' lang='lat' dir='ltr'><strong>nous</strong></span> 
     </span>
     <span class='ocr_line' id='line_1_25' title="bbox 50 2201 1477 2251; baseline -0.001 -13"><span class='ocrx_word' id='word_1_176' title='bbox 50 2215 184 2238; x_wconf 82' lang='lat' dir='ltr'><strong>venons</strong></span> <span class='ocrx_word' id='word_1_177' title='bbox 200 2203 246 2239; x_wconf 92' lang='lat' dir='ltr'><strong>de</strong></span> <span class='ocrx_word' id='word_1_178' title='bbox 265 2201 399 2251; x_wconf 83' lang='lat' dir='ltr'><strong>parler.</strong></span> <span class='ocrx_word' id='word_1_179' title='bbox 421 2202 537 2238; x_wconf 84' lang='lat' dir='ltr'><strong>Notre</strong></span> <span class='ocrx_word' id='word_1_180' title='bbox 555 2208 686 2237; x_wconf 83' lang='lat' dir='ltr'><strong>auteur</strong></span> <span class='ocrx_word' id='word_1_181' title='bbox 711 2214 730 2236; x_wconf 88' lang='lat' dir='ltr'><strong>a</strong></span> <span class='ocrx_word' id='word_1_182' title='bbox 753 2213 886 2236; x_wconf 86' lang='lat' dir='ltr'><strong>encore</strong></span> <span class='ocrx_word' id='word_1_183' title='bbox 908 2201 1062 2235; x_wconf 83' lang='lat' dir='ltr'><strong>commis</strong></span> <span class='ocrx_word' id='word_1_184' title='bbox 1082 2201 1264 2247; x_wconf 74' lang='lat' dir='ltr'><strong>plusieurs</strong></span> <span class='ocrx_word' id='word_1_185' title='bbox 1281 2207 1404 2235; x_wconf 85' lang='lat' dir='ltr'><strong>autres</strong></span> <span class='ocrx_word' id='word_1_186' title='bbox 1420 2213 1477 2236; x_wconf 86' lang='lat' dir='ltr'><strong>er-</strong></span> 
     </span>
     <span class='ocr_line' id='line_1_26' title="bbox 50 2260 1479 2311; baseline -0.003 -12"><span class='ocrx_word' id='word_1_187' title='bbox 50 2276 153 2299; x_wconf 87' lang='lat' dir='ltr'><strong>rcurs</strong></span> <span class='ocrx_word' id='word_1_188' title='bbox 177 2264 227 2299; x_wconf 89' lang='lat' dir='ltr'><strong>du</strong></span> <span class='ocrx_word' id='word_1_189' title='bbox 246 2264 368 2299; x_wconf 69' lang='lat' dir='ltr'><strong>meme</strong></span> <span class='ocrx_word' id='word_1_190' title='bbox 393 2276 505 2311; x_wconf 78' lang='lat' dir='ltr'><strong>genre</strong></span> <span class='ocrx_word' id='word_1_191' title='bbox 527 2263 616 2297; x_wconf 86' lang='lat' dir='ltr'><strong>dans</strong></span> <span class='ocrx_word' id='word_1_192' title='bbox 636 2275 676 2297; x_wconf 87' lang='lat' dir='ltr'><strong>ce</strong></span> <span class='ocrx_word' id='word_1_193' title='bbox 694 2274 854 2309; x_wconf 82' lang='lat' dir='ltr'><strong>passage.</strong></span> <span class='ocrx_word' id='word_1_194' title='bbox 876 2262 1000 2304; x_wconf 82' lang='lat' dir='ltr'><strong>Ainsi‚</strong></span> <span class='ocrx_word' id='word_1_195' title='bbox 1029 2261 1124 2296; x_wconf 87' lang='lat' dir='ltr'><strong>saint</strong></span> <span class='ocrx_word' id='word_1_196' title='bbox 1143 2261 1216 2296; x_wconf 88' lang='lat' dir='ltr'><strong>Luc</strong></span> <span class='ocrx_word' id='word_1_197' title='bbox 1241 2274 1260 2295; x_wconf 93' lang='lat' dir='ltr'><strong>a</strong></span> <span class='ocrx_word' id='word_1_198' title='bbox 1284 2260 1369 2295; x_wconf 87' lang='lat' dir='ltr'><strong>bien</strong></span> <span class='ocrx_word' id='word_1_199' title='bbox 1395 2272 1479 2307; x_wconf 86' lang='lat' dir='ltr'><strong>par-</strong></span> 
     </span>
     <span class='ocr_line' id='line_1_27' title="bbox 50 2321 1482 2371; baseline -0.004 -11"><span class='ocrx_word' id='word_1_200' title='bbox 50 2336 165 2360; x_wconf 90' lang='lat' dir='ltr'><strong>couru</strong></span> <span class='ocrx_word' id='word_1_201' title='bbox 187 2324 219 2359; x_wconf 85' lang='lat' dir='ltr'><strong>la</strong></span> <span class='ocrx_word' id='word_1_202' title='bbox 241 2324 431 2371; x_wconf 48' lang='lat' dir='ltr'><strong>Bithy-nie,</strong></span> <span class='ocrx_word' id='word_1_203' title='bbox 453 2323 543 2358; x_wconf 86' lang='lat' dir='ltr'><strong>mais</strong></span> <span class='ocrx_word' id='word_1_204' title='bbox 563 2335 644 2357; x_wconf 82' lang='lat' dir='ltr'><strong>sans</strong></span> <span class='ocrx_word' id='word_1_205' title='bbox 662 2322 710 2369; x_wconf 82' lang='lat' dir='ltr'><strong>s&#39;y</strong></span> <span class='ocrx_word' id='word_1_206' title='bbox 733 2322 831 2357; x_wconf 81' lang='lat' dir='ltr'><strong>(ixer.</strong></span> <span class='ocrx_word' id='word_1_207' title='bbox 854 2322 958 2357; x_wconf 84' lang='lat' dir='ltr'><strong>Saint</strong></span> <span class='ocrx_word' id='word_1_208' title='bbox 976 2322 1097 2368; x_wconf 89' lang='lat' dir='ltr'><strong>Carpe</strong></span> <span class='ocrx_word' id='word_1_209' title='bbox 1114 2328 1151 2355; x_wconf 93' lang='lat' dir='ltr'><strong>et</strong></span> <span class='ocrx_word' id='word_1_210' title='bbox 1171 2321 1266 2355; x_wconf 88' lang='lat' dir='ltr'><strong>saint</strong></span> <span class='ocrx_word' id='word_1_211' title='bbox 1283 2321 1482 2355; x_wconf 66' lang='lat' dir='ltr'><strong>Sosim-nes</strong></span> 
     </span>
     <span class='ocr_line' id='line_1_28' title="bbox 51 2379 1480 2430; baseline -0.004 -11"><span class='ocrx_word' id='word_1_212' title='bbox 51 2390 115 2419; x_wconf 88' lang='lat' dir='ltr'><strong>ont</strong></span> <span class='ocrx_word' id='word_1_213' title='bbox 127 2385 186 2419; x_wconf 76' lang='lat' dir='ltr'><strong>ete</strong></span> <span class='ocrx_word' id='word_1_214' title='bbox 199 2383 245 2419; x_wconf 92' lang='lat' dir='ltr'><strong>de</strong></span> <span class='ocrx_word' id='word_1_215' title='bbox 264 2383 412 2430; x_wconf 78' lang='lat' dir='ltr'><strong>siinples</strong></span> <span class='ocrx_word' id='word_1_216' title='bbox 430 2382 601 2429; x_wconf 87' lang='lat' dir='ltr'><strong>disciples</strong></span> <span class='ocrx_word' id='word_1_217' title='bbox 621 2381 666 2417; x_wconf 88' lang='lat' dir='ltr'><strong>de</strong></span> <span class='ocrx_word' id='word_1_218' title='bbox 684 2382 779 2416; x_wconf 88' lang='lat' dir='ltr'><strong>saint</strong></span> <span class='ocrx_word' id='word_1_219' title='bbox 792 2381 902 2425; x_wconf 79' lang='lat' dir='ltr'><strong>Paul,</strong></span> <span class='ocrx_word' id='word_1_220' title='bbox 923 2392 1003 2416; x_wconf 86' lang='lat' dir='ltr'><strong>sans</strong></span> <span class='ocrx_word' id='word_1_221' title='bbox 1020 2381 1172 2415; x_wconf 89' lang='lat' dir='ltr'><strong>mission</strong></span> <span class='ocrx_word' id='word_1_222' title='bbox 1189 2379 1423 2427; x_wconf 69' lang='lat' dir='ltr'><strong>particulicre</strong></span> <span class='ocrx_word' id='word_1_223' title='bbox 1442 2380 1480 2413; x_wconf 89' lang='lat' dir='ltr'><strong>ni</strong></span> 
     </span>
     <span class='ocr_line' id='line_1_29' title="bbox 51 2431 1484 2489; baseline -0.002 -13"><span class='ocrx_word' id='word_1_224' title='bbox 51 2441 193 2489; x_wconf 73' lang='lat' dir='ltr'><strong>dignite</strong></span> <span class='ocrx_word' id='word_1_225' title='bbox 217 2443 505 2489; x_wconf 79' lang='lat' dir='ltr'><strong>ecclesiastique.</strong></span> <span class='ocrx_word' id='word_1_226' title='bbox 535 2442 762 2488; x_wconf 77' lang='lat' dir='ltr'><strong>L&#39;episcopat</strong></span> <span class='ocrx_word' id='word_1_227' title='bbox 789 2440 836 2475; x_wconf 92' lang='lat' dir='ltr'><strong>de</strong></span> <span class='ocrx_word' id='word_1_228' title='bbox 859 2440 956 2475; x_wconf 88' lang='lat' dir='ltr'><strong>saint</strong></span> <span class='ocrx_word' id='word_1_229' title='bbox 982 2441 1158 2476; x_wconf 62' lang='lat' dir='ltr'><strong>One-sime</strong></span> <span class='ocrx_word' id='word_1_230' title='bbox 1183 2442 1202 2475; x_wconf 67' lang='lat' dir='ltr'><strong>ii</strong></span> <span class='ocrx_word' id='word_1_231' title='bbox 1225 2431 1367 2487; x_wconf 65' lang='lat' dir='ltr'><strong>Ephese</strong></span> <span class='ocrx_word' id='word_1_232' title='bbox 1391 2439 1484 2473; x_wconf 87' lang='lat' dir='ltr'><strong>n&#39;est</strong></span> 
     </span>
     <span class='ocr_line' id='line_1_30' title="bbox 53 2499 1482 2552; baseline -0.002 -15"><span class='ocrx_word' id='word_1_233' title='bbox 53 2502 161 2539; x_wconf 74' lang='lat' dir='ltr'><strong>fonde</strong></span> <span class='ocrx_word' id='word_1_234' title='bbox 172 2516 244 2552; x_wconf 89' lang='lat' dir='ltr'><strong>que</strong></span> <span class='ocrx_word' id='word_1_235' title='bbox 262 2516 323 2539; x_wconf 90' lang='lat' dir='ltr'><strong>sur</strong></span> <span class='ocrx_word' id='word_1_236' title='bbox 338 2503 370 2538; x_wconf 89' lang='lat' dir='ltr'><strong>la</strong></span> <span class='ocrx_word' id='word_1_237' title='bbox 384 2502 577 2538; x_wconf 80' lang='lat' dir='ltr'><strong>confusion</strong></span> <span class='ocrx_word' id='word_1_238' title='bbox 595 2501 646 2536; x_wconf 86' lang='lat' dir='ltr'><strong>dn</strong></span> <span class='ocrx_word' id='word_1_239' title='bbox 667 2501 819 2549; x_wconf 89' lang='lat' dir='ltr'><strong>disciple</strong></span> <span class='ocrx_word' id='word_1_240' title='bbox 834 2501 879 2536; x_wconf 86' lang='lat' dir='ltr'><strong>de</strong></span> <span class='ocrx_word' id='word_1_241' title='bbox 894 2499 1047 2548; x_wconf 72' lang='lat' dir='ltr'><strong>l&#39;apotrc</strong></span> <span class='ocrx_word' id='word_1_242' title='bbox 1066 2513 1150 2535; x_wconf 72' lang='lat' dir='ltr'><strong>avec</strong></span> <span class='ocrx_word' id='word_1_243' title='bbox 1168 2513 1218 2535; x_wconf 89' lang='lat' dir='ltr'><strong>un</strong></span> <span class='ocrx_word' id='word_1_244' title='bbox 1233 2501 1370 2547; x_wconf 55' lang='lat' dir='ltr'><strong>ovoque</strong></span> <span class='ocrx_word' id='word_1_245' title='bbox 1393 2512 1482 2534; x_wconf 91' lang='lat' dir='ltr'><strong>con-</strong></span> 
     </span>
     <span class='ocr_line' id='line_1_31' title="bbox 54 2560 1481 2609; baseline -0.002 -14"><span class='ocrx_word' id='word_1_246' title='bbox 54 2563 257 2609; x_wconf 84' lang='lat' dir='ltr'><strong>temporain</strong></span> <span class='ocrx_word' id='word_1_247' title='bbox 282 2562 328 2598; x_wconf 87' lang='lat' dir='ltr'><strong>dc</strong></span> <span class='ocrx_word' id='word_1_248' title='bbox 355 2564 450 2598; x_wconf 89' lang='lat' dir='ltr'><strong>saint</strong></span> <span class='ocrx_word' id='word_1_249' title='bbox 474 2563 607 2608; x_wconf 75' lang='lat' dir='ltr'><strong>Ignace</strong></span> <span class='ocrx_word' id='word_1_250' title='bbox 631 2574 677 2596; x_wconf 88' lang='lat' dir='ltr'><strong>en</strong></span> <span class='ocrx_word' id='word_1_251' title='bbox 705 2573 782 2608; x_wconf 73' lang='lat'>¹⁰7·</span> <span class='ocrx_word' id='word_1_252' title='bbox 805 2560 999 2607; x_wconf 64' lang='lat' dir='ltr'><strong>Tychiquc</strong></span> <span class='ocrx_word' id='word_1_253' title='bbox 1024 2573 1070 2594; x_wconf 89' lang='lat' dir='ltr'><strong>ne</strong></span> <span class='ocrx_word' id='word_1_254' title='bbox 1095 2560 1150 2594; x_wconf 85' lang='lat' dir='ltr'><strong>sut</strong></span> <span class='ocrx_word' id='word_1_255' title='bbox 1174 2560 1279 2607; x_wconf 82' lang='lat' dir='ltr'><strong>point</strong></span> <span class='ocrx_word' id='word_1_256' title='bbox 1303 2561 1440 2604; x_wconf 70' lang='lat' dir='ltr'><strong>envoye</strong></span> <span class='ocrx_word' id='word_1_257' title='bbox 1463 2561 1481 2592; x_wconf 75' lang='lat' dir='ltr'><strong>ii</strong></span> 
     </span>
     <span class='ocr_line' id='line_1_32' title="bbox 55 2611 1481 2667; baseline -0.004 -13"><span class='ocrx_word' id='word_1_258' title='bbox 55 2620 215 2667; x_wconf 83' lang='lat' dir='ltr'><strong>Paphos,</strong></span> <span class='ocrx_word' id='word_1_259' title='bbox 239 2623 328 2657; x_wconf 82' lang='lat' dir='ltr'><strong>mais</strong></span> <span class='ocrx_word' id='word_1_260' title='bbox 348 2622 646 2657; x_wconf 81' lang='lat' dir='ltr'><strong>successivement</strong></span> <span class='ocrx_word' id='word_1_261' title='bbox 669 2622 687 2654; x_wconf 70' lang='grc' dir='ltr'><strong>ἐι</strong></span> <span class='ocrx_word' id='word_1_262' title='bbox 711 2619 878 2655; x_wconf 77' lang='lat' dir='ltr'><strong>colossos</strong></span> <span class='ocrx_word' id='word_1_263' title='bbox 901 2625 939 2653; x_wconf 86' lang='lat' dir='ltr'><strong>ct</strong></span> <span class='ocrx_word' id='word_1_264' title='bbox 965 2621 985 2653; x_wconf 68' lang='grc' dir='ltr'><strong>ἐι</strong></span> <span class='ocrx_word' id='word_1_265' title='bbox 1015 2611 1168 2666; x_wconf 59' lang='lat' dir='ltr'><strong>Epist-sc.</strong></span> <span class='ocrx_word' id='word_1_266' title='bbox 1190 2618 1318 2658; x_wconf 77' lang='lat' dir='ltr'><strong>Enssn,</strong></span> <span class='ocrx_word' id='word_1_267' title='bbox 1343 2624 1421 2651; x_wconf 80' lang='lat' dir='ltr'><strong>tout</strong></span> <span class='ocrx_word' id='word_1_268' title='bbox 1443 2630 1481 2650; x_wconf 70' lang='lat' dir='ltr'><strong>cc</strong></span> 
     </span>
     <span class='ocr_line' id='line_1_33' title="bbox 53 2675 1475 2725; baseline -0.003 -14"><span class='ocrx_word' id='word_1_269' title='bbox 53 2679 163 2724; x_wconf 80' lang='lat' dir='ltr'><strong>qu&#39;on</strong></span> <span class='ocrx_word' id='word_1_270' title='bbox 188 2681 253 2714; x_wconf 85' lang='lat' dir='ltr'><strong>sait</strong></span> <span class='ocrx_word' id='word_1_271' title='bbox 281 2687 503 2716; x_wconf 80' lang='lat' dir='ltr'><strong>concernant</strong></span> <span class='ocrx_word' id='word_1_272' title='bbox 525 2681 648 2715; x_wconf 67' lang='lat' dir='ltr'><strong>lii-asic</strong></span> <span class='ocrx_word' id='word_1_273' title='bbox 662 2707 669 2720; x_wconf 84' lang='lat'><strong>‚</strong></span> <span class='ocrx_word' id='word_1_274' title='bbox 691 2686 744 2713; x_wconf 64' lang='lat' dir='ltr'><strong>est</strong></span> <span class='ocrx_word' id='word_1_275' title='bbox 763 2677 852 2725; x_wconf 70' lang='lat' dir='ltr'><strong>qn&#39;il</strong></span> <span class='ocrx_word' id='word_1_276' title='bbox 871 2678 1038 2724; x_wconf 62' lang='lat' dir='ltr'><strong>occupauit</strong></span> <span class='ocrx_word' id='word_1_277' title='bbox 1062 2676 1222 2724; x_wconf 74' lang='lat' dir='ltr'><strong>l&#39;einploi</strong></span> <span class='ocrx_word' id='word_1_278' title='bbox 1247 2677 1292 2710; x_wconf 78' lang='lat' dir='ltr'><strong>‹h-</strong></span> <span class='ocrx_word' id='word_1_279' title='bbox 1312 2675 1475 2710; x_wconf 59' lang='lat' dir='ltr'><strong>trs-sorim</strong></span> 
     </span>
     <span class='ocr_line' id='line_1_34' title="bbox 56 2734 1418 2787; baseline -0.002 -17"><span class='ocrx_word' id='word_1_280' title='bbox 56 2737 163 2773; x_wconf 72' lang='lat' dir='ltr'><strong>‹l‘nnc</strong></span> <span class='ocrx_word' id='word_1_281' title='bbox 183 2739 262 2775; x_wconf 72' lang='lat' dir='ltr'><strong>ville</strong></span> <span class='ocrx_word' id='word_1_282' title='bbox 281 2741 576 2787; x_wconf 68' lang='lat' dir='ltr'><strong>(pi-obahlcnwni</strong></span> <span class='ocrx_word' id='word_1_283' title='bbox 592 2739 787 2782; x_wconf 75' lang='lat' dir='ltr'><strong>Corintlw)</strong></span> <span class='ocrx_word' id='word_1_284' title='bbox 807 2737 930 2785; x_wconf 72' lang='lat' dir='ltr'><strong>quand</strong></span> <span class='ocrx_word' id='word_1_285' title='bbox 952 2737 974 2772; x_wconf 87' lang='lat' dir='ltr'><strong>il</strong></span> <span class='ocrx_word' id='word_1_286' title='bbox 994 2737 1165 2773; x_wconf 47' lang='lat' dir='ltr'><strong>s&#39;iittaclia</strong></span> <span class='ocrx_word' id='word_1_287' title='bbox 1181 2739 1199 2771; x_wconf 83' lang='grc' dir='ltr'><strong>ιἰ</strong></span> <span class='ocrx_word' id='word_1_288' title='bbox 1214 2737 1307 2771; x_wconf 69' lang='lat' dir='ltr'><strong>saint</strong></span> <span class='ocrx_word' id='word_1_289' title='bbox 1330 2734 1418 2770; x_wconf 59' lang='lat' dir='ltr'><strong>Paul</strong></span> 
     </span>
    </p>
   </div>
  </div>
 </body>
</html>
