1738 3043
569 272 720 312 LIBER
750 272 1030 312 SECUNDUS.
1440 278 1519 316 280

88 353 350 402 immobilis
379 363 432 400 ut
456 371 596 400 mons
619 353 784 400 firmus
811 364 859 400 et
880 353 1116 411 excelsus,
1150 362 1203 400 11⁰
1230 371 1378 402 nonas
1404 358 1512 403 maii

79 436 214 497 jussu
237 432 432 479 Caesaris
458 433 507 479 in
531 431 761 480 ferventis
784 431 875 480 olei
905 432 1092 480 dolium
1118 443 1187 480 cst
1210 435 1395 482 missus.
1425 436 1515 483 Sed

86 511 248 558 divina
273 529 321 558 se
340 521 622 577 protegente
640 511 790 576 gratia
816 511 963 558 exivit
990 511 1163 558 illaesus
1180 548 1192 569 ‚
1221 514 1418 580 ipsoque
1441 514 1517 562 die

89 607 175 655 per
197 590 408 655 singulos
436 608 586 637 annos
615 589 782 637 festiva
813 592 911 654 ejus
941 593 1170 639 memoria
1197 592 1366 640 dcvote
1400 595 1519 641 cele-

89 667 259 714 bratur
277 685 300 714 a
323 667 554 716 fidelibus.
578 667 694 715 Inde
713 685 823 714 cum
842 667 986 715 exilio
1007 669 1056 714 in
1072 669 1295 717 Pathmos
1314 671 1518 718 insulam

87 755 384 809 portaretur,
430 745 526 792 illic
566 744 626 791 ab
668 744 835 793 eodem
876 745 1186 812 Apocalypsis
1231 759 1518 811 praeostensa

88 822 396 881 describitur,
434 824 483 871 in
519 842 611 890 qua
638 823 1013 890 septempliciter
1035 825 1261 872 Ecclesiae
1292 837 1439 873 status
1474 838 1521 873 ct

89 903 212 950 ordo
236 902 649 960 demonstrantur,
679 904 898 968 ingentes
927 904 1070 950 etiam
1102 922 1336 968 pressurae
1363 904 1520 952 tribu-

90 979 327 1028 lationum
351 992 398 1028 et
422 980 766 1028 retributiones
790 981 1079 1028 meritorum
1105 982 1200 1046 (1).

154 1058 373 1123 Denique
390 1070 681 1124 procurante
699 1061 800 1106 Deo
814 1094 827 1115 ‚
847 1060 928 1125 qui
950 1070 1121 1106 cuncta
1135 1063 1261 1124 juste
1284 1061 1515 1127 disponit,

88 1135 421 1183 Domitianum
446 1137 612 1184 eodem
636 1153 789 1194 anno,
817 1154 916 1202 quo
939 1137 1145 1185 Joannes
1175 1138 1406 1196 exulavit,
1435 1158 1520 1188 ro-

88 1230 258 1260 manus
274 1224 463 1261 senatus
483 1231 573 1278 pro
591 1214 800 1261 cruentis
818 1212 1002 1260 actibus
1019 1215 1112 1261 suis
1127 1215 1321 1262 occidit.
1339 1217 1523 1265 Deinde

87 1292 294 1357 generali
322 1291 546 1339 consultu
569 1291 786 1340 definivit
810 1303 862 1338 ut
889 1304 1149 1340 cassaretur
1168 1295 1400 1360 quicquid
1422 1296 1522 1345 Do-

36 1370 41 1375 ’
87 1372 314 1418 mitianus
362 1371 464 1419 fieri
509 1371 681 1419 voluit.
725 1372 925 1418 Sanctus
973 1373 1119 1437 igitur
1159 1374 1366 1422 Joannes
1407 1393 1522 1440 apo-

87 1449 264 1509 stolus,
289 1450 371 1515 qui
398 1467 455 1496 ex
486 1449 736 1496 voluntate
767 1450 1030 1496 Domitiani
1065 1450 1342 1515 deportatus
1366 1452 1524 1500 fuerat

86 1544 196 1573 cum
222 1527 421 1591 injuria,
444 1525 501 1572 ad
521 1526 764 1591 Ephesum
782 1527 1013 1573 remcavit
1031 1545 1142 1574 cum
1163 1527 1373 1587 honore,
1396 1531 1523 1577 mul-

88 1616 347 1671 torumque
378 1605 562 1652 laetitia.
598 1605 766 1652 Omnis
796 1606 927 1652 enim
958 1606 1163 1671 populus
1199 1606 1522 1672 Ephesiorum

85 1682 346 1731 revertenti
377 1682 617 1740 occurrit,
646 1692 693 1729 et
716 1682 933 1729 virorum
957 1700 1009 1728 ac
1033 1683 1293 1730 mulierum
1317 1684 1521 1733 fideliter

86 1760 405 1809 exultantium
424 1778 516 1807 una
542 1777 635 1807 vox
653 1760 905 1825 personuit
929 1779 939 1804 ε
964 1761 1257 1809 Benedictus
1281 1766 1368 1827 qui
1387 1767 1519 1812 venit

87 1842 137 1886 in
159 1842 354 1887 nomine
372 1838 603 1886 Domin‘z'!

151 1918 370 1983 Cumque
404 1917 611 1965 Joannes
649 1917 890 1964 civitatem
925 1919 1231 1983 egrederetur
1268 1920 1364 1983 (2),
1410 1938 1517 1969 ecce

84 1996 348 2052 Drusiana,
378 2013 486 2060 quae
513 1994 755 2042 ferventer
778 1995 980 2060 diligens
1007 2015 1118 2044 eum
1148 1997 1308 2045 videre
1340 1999 1516 2047 deside-

83 2083 294 2130 raverat,
322 2071 544 2120 defuncta
566 2071 870 2120 efferebatur.
894 2073 1062 2121 Viduae
1083 2092 1197 2121 vero
1222 2085 1269 2122 et
1288 2094 1515 2140 pauperes

86 2170 194 2199 cum
221 2149 501 2216 parentibus
533 2161 579 2197 et
611 2150 840 2215 orphanis
878 2152 1057 2215 pariter
1089 2151 1293 2211 flebant,
1335 2166 1382 2201 et
1420 2156 1518 2202 cla—

85 2240 268 2277 mantes
293 2226 516 2276 dicebant
540 2249 548 2274 :
579 2228 760 2276 Sancte
777 2230 994 2276 Joatmes
1017 2232 1238 2296 apostole
1261 2232 1384 2289 Dei,
1409 2251 1518 2280 ecee

84 2308 387 2354 Drusianam
421 2307 688 2370 efferimus,
721 2325 831 2372 quoe
856 2309 1037 2354 sanctis
1072 2310 1265 2354 monitis
1297 2312 1392 2356 lctis
1425 2311 1517 2357 ob-

85 2397 377 2452 temperans,
412 2403 496 2430 nos
531 2403 694 2431 omnes
734 2386 897 2432 alebat
915 2425 924 2437 ,
963 2387 1164 2451 Demque
1206 2389 1254 2432 in
1295 2392 1517 2435 castitate

133 2561 182 2602 (ι)
210 2560 258 2594 Lc
273 2566 433 2605 martyre
452 2559 497 2592 de
516 2560 608 2592 saint
626 2560 713 2592 Jcan
726 2586 735 2599 ,
756 2566 790 2592 et
809 2569 844 2592 sa
863 2559 1062 2603 rolf-galion
1083 2562 1101 2593 a
1122 2560 1315 2603 pathmos,
1339 2561 1434 2597 l’unc
1452 2563 1513 2597 dm

85 2619 262 2665 Sporades
281 2619 370 2654 dans
389 2619 419 2653 ia
437 2632 516 2653 mvi·
537 2620 647 2662 ils-'1³13
670 2630 715 2651 ou
740 2618 762 2652 il
782 2620 908 2653 svn-ivit
930 2619 1209 2666 l'xllmrnly‘pss‘,
1231 2623 1509 2668 apparlivnnvnt

83 2680 101 2711 ἐι
120 2678 259 2713 l'annec
275 2679 332 2727 95.
356 2681 403 2714 La
422 2687 518 2713 niort
535 2679 690 2713 msa—utu
711 2678 755 2711 du·
771 2679 956 2712 Domiticn
981 2680 1132 2714 n'arriva
1153 2682 1188 2715 ni
1208 2681 1297 2715 dans
1314 2682 1345 2715 le
1359 2691 1506 2716 coni-an!

84 2736 130 2771 de
145 2737 176 2771 la
190 2738 306 2772 nieme
321 2740 447 2780 annbe,
464 2739 499 2773 ni
513 2738 602 2772 dans
617 2737 829 2773 l'inlervalle
846 2738 934 2772 d'un
951 2751 994 2772 an
1012 2739 1049 2783 (θ’
1065 2740 1132 2774 uiui
1147 2739 1425 2787 95-scptcn1brc
1436 2741 1508 2787 013¹.

134 2799 185 2841 (Ἰ)
213 2798 310 2832 Lisez
335 2815 339 2832 ς
369 2799 637 2845 iugredcrelur.

188 2874 216 2902 Ι.
1268 2878 1320 2921 If)
