1738 3043
224 267 302 303 ⁸268
596 261 837 299 HISTORIA
869 261 1269 300 ECCLESIAS'l'ICA.

225 344 307 390 diu
345 341 622 395 caederetur,
662 357 910 406 quousque
942 341 1195 405 expiraret.
1236 342 1377 401 Quod
1415 359 1524 389 cum
1563 345 1641 392 ille

227 419 456 474 audisset,
484 428 531 464 et
561 418 609 462 in
638 435 746 465 eum
773 428 953 464 tremor
981 436 1032 463 ac
1061 427 1212 464 metus
1237 417 1547 466 intolerabilis
1574 421 1641 467 ir-

231 499 424 552 ruisset,
466 497 608 543 miser
650 498 711 542 ita
749 496 873 562 fugit
915 507 969 542 ut
1008 496 1205 542 ulterius
1242 513 1341 543 non
1381 508 1641 562 appareret.

232 575 403 620 Fertur
419 591 442 619 a
464 573 747 640 quibusdam
764 576 910 638 quod,
932 573 1046 619 dum
1065 571 1216 620 adhuc
1236 572 1420 638 fugiens
1438 585 1643 630 erraret,

230 669 285 698 cx
311 651 490 716 frigore
511 652 663 700 nimio
687 662 734 699 et
759 651 880 698 same
903 651 1196 716 diriguisset,
1223 661 1270 699 et
1295 671 1318 698 a
1348 652 1470 717 lupis
1499 652 1649 701 devo-

230 741 361 776 ratus
383 741 501 777 esset
526 731 619 793 (ι).

299 807 420 854 Ecce
442 824 550 872 quae
580 807 774 871 sparsim
799 806 856 853 de
883 807 1079 853 summis
1109 807 1405 854 senatoribus
1428 807 1649 855 Ecclesiae

232 885 429 931 rimatus
448 903 552 931 sum
567 921 580 942 ‚
604 884 805 948 simplici
826 883 1057 931 brevitate
1077 884 1267 950 collegi3
1291 897 1338 932 et
1355 886 1412 933 de
1431 885 1651 951 plurimis

232 961 559 1010 voluminibus
593 963 790 1027 insignia
816 973 943 1027 gesta
969 964 1213 1010 memoriae
1245 973 1549 1028 posterorum
1571 979 1653 1010 ve-

232 1041 326 1086 raci
353 1040 480 1105 stylo
505 1041 736 1105 congessi.
766 1041 931 1088 Petrus
960 1040 1192 1105 siquidem
1218 1041 1265 1087 in
1293 1040 1653 1089 circumcisione

235 1135 300 1164 vu
321 1119 457 1165 annis
485 1118 783 1182 praedicavit,
806 1117 975 1165 deinde
998 1117 1121 1182 apud
1145 1117 1453 1165 Antiochiam
1478 1134 1546 1164 vn
1571 1137 1656 1166 an-

234 1197 306 1242 nis
323 1195 457 1243 sedit.
476 1195 575 1243 Sub
596 1195 792 1243 Claudio
811 1196 992 1242 Caesare
1011 1205 1177 1242 contra
1201 1196 1444 1242 Simonem
1463 1213 1653 1261 magum

235 1285 530 1339 pugnaturus
555 1276 755 1321 Romam
781 1274 1015 1339 perrexit,
1047 1272 1206 1338 ibique
1232 1291 1328 1320 xxv
1347 1274 1483 1320 annis
1502 1274 1657 1321 Evan-

235 1352 411 1415 gelium
433 1353 733 1416 praedicavit,
757 1363 804 1398 et
825 1354 862 1416 ej
872 1351 1032 1398 usdem
1051 1351 1183 1397 urbis
1205 1352 1539 1415 pontificatum
1558 1352 1658 1416 pri-

238 1448 341 1476 mus
367 1431 537 1477 tenuit.
563 1431 826 1478 Tricesimo
851 1440 1009 1475 aulem
1036 1440 1081 1476 et
1106 1441 1238 1476 sexto
1262 1447 1390 1476 anno
1420 1441 1529 1494 post
1553 1448 1659 1494 pas-

240 1509 421 1555 sionem
439 1507 635 1564 Christi,
662 1518 737 1554 111⁰
754 1507 970 1554 kalendas
983 1507 1088 1570 julii
1111 1507 1364 1554 crucifixus
1383 1519 1471 1568 est,
1488 1509 1658 1574 viaque

237 1586 426 1632 Aurelia
455 1589 589 1648 juxta
626 1587 851 1650 palatium
878 1586 1083 1632 Neronis
1118 1587 1166 1632 in
1191 1585 1422 1634 Vaticano
1447 1586 1658 1650 sepultus

237 1673 306 1709 cst
321 1664 414 1725 (2).
434 1663 614 1710 Eodem
630 1663 704 1709 die
722 1663 907 1718 Paulus,
927 1673 1178 1727 postquam
1197 1664 1472 1710 innumeros
1485 1681 1658 1729 agones

240 1753 380 1805 atque
405 1740 588 1788 labores
614 1741 863 1805 insigniter
881 1758 1038 1805 passus
1060 1751 1128 1787 est
1148 1777 1158 1797 ,
1183 1742 1229 1787 in
1255 1742 1327 1787 via
1351 1741 1581 1798 Ostiensi,
1608 1742 1657 1788 in

242 1818 466 1864 milliario
491 1818 723 1874 secundo,
754 1819 798 1864 in
830 1817 980 1865 hortis
1005 1818 1061 1864 ad
1090 1836 1232 1884 aquas
1256 1819 1430 1866 Salvias
1449 1819 1659 1868 decolla-

242 1905 316 1940 tus
334 1906 418 1941 est.
443 1896 500 1941 Hi
523 1895 662 1941 simul
683 1896 847 1941 Romae
869 1897 984 1958 passi
1007 1907 1119 1941 sunt
1138 1894 1224 1942 sub
1244 1894 1436 1943 Nerone
1455 1896 1656 1953 Caesare,

242 1975 379 2020 Basso
412 1985 458 2020 et
483 1974 643 2020 Tusco
670 1973 970 2028 consulibus3
1007 1992 1215 2039 quorum
1250 1975 1385 2039 prior
1418 1976 1466 2021 in
1499 1976 1659 2022 eadem

240 2051 505 2116 urbejuxta
526 2053 648 2098 viam
673 2051 1009 2115 triumphalem
1033 2053 1179 2099 totius
1204 2051 1333 2098 urbis
1350 2053 1659 2100 veneratione

242 2127 526 2185 celebratur,
560 2147 758 2194 sequens
789 2147 900 2177 vero
933 2130 979 2175 in
1013 2130 1085 2174 via
1115 2129 1316 2176 Ostiensi
1342 2130 1441 2193 pari
1475 2129 1659 2178 honore

246 2206 445 2254 habetur
470 2208 562 2270 (3).

289 2410 339 2454 (ι)
366 2411 411 2443 La
438 2410 485 2444 siu
505 2411 550 2444 de
570 2423 609 2444 ce
635 2412 860 2458 paragraphe
886 2418 934 2445 est
964 2412 1059 2458 prise
1080 2411 1169 2445 dans
1185 2410 1218 2445 la
1235 2410 1390 2446 relation
1412 2409 1657 2457 pseudonyme

241 2469 354 2504 ecrite
371 2482 454 2503 sous
468 2469 500 2503 le
514 2483 599 2505 nom
620 2471 665 2505 de
684 2472 777 2505 saint
798 2470 945 2505 Marcel.

287 2530 339 2574 (Ἰ)
364 2531 411 2564 Le
431 2537 587 2576 martyre
605 2530 649 2564 de
678 2532 772 2565 saint
796 2531 920 2565 Pierre
939 2538 975 2565 et
999 2530 1044 2565 de
1068 2531 1163 2565 saint
1188 2530 1278 2564 Paul
1302 2529 1359 2564 n'a
1383 2529 1489 2576 point
1514 2541 1561 2564 eu
1585 2527 1657 2563 lieu

242 2590 331 2625 dans
347 2590 379 2625 la
394 2591 700 2633 trente-sixii·111o‚
717 2593 806 2626 mais
821 2591 911 2626 dans
926 2592 976 2627 les
1001 2591 1176 2638 premiers
1196 2590 1289 2625 mois
1306 2589 1352 2624 de
1371 2588 1405 2624 la
1425 2595 1656 2636 trente-qua-

243 2652 373 2685 trieme
392 2653 506 2685 annee
526 2653 628 2697 apres
648 2651 678 2684 la
699 2652 856 2686 l'assion.

288 2707 338 2754 (3)
364 2708 502 2756 Malgre
517 2709 566 2743 les
585 2709 778 2744 traditions
797 2708 1037 2756 respectablcs
1056 2708 1118 2754 qui
1137 2707 1293 2742 existent
1307 2709 1327 2741 a
1343 2713 1399 2742 cet
1417 2705 1547 2753 egard,
1566 2715 1655 2740 nous

242 2782 285 2801 nc
307 2781 467 2815 pouvons
490 2770 624 2811 croire,
646 2782 786 2804 comme
805 2781 895 2804 nous
917 2768 1050 2803 l'avons
1068 2766 1147 2812 ‹leja
1171 2766 1246 2808 dit,
1263 2778 1332 2813 quc
1358 2765 1451 2801 saint
1468 2765 1591 2801 Pierre
1607 2763 1655 2798 ait
