<?xml version="1.0" encoding="UTF-8"?>
<!DOCTYPE html PUBLIC "-//W3C//DTD XHTML 1.0 Transitional//EN"
    "http://www.w3.org/TR/xhtml1/DTD/xhtml1-transitional.dtd">
<html xmlns="http://www.w3.org/1999/xhtml" xml:lang="en" lang="en">
 <head>
  <title>
</title>
<meta http-equiv="Content-Type" content="text/html;charset=utf-8" />
  <meta name='ocr-system' content='tesseract 3.04.00' />
  <meta name='ocr-capabilities' content='ocr_page ocr_carea ocr_par ocr_line ocrx_word'/>
</head>
<body>
  <div class='ocr_page' id='page_1' title='image "./ordericivitalish01ordeuoft/ordericivitalish01ordeuoft_0421.png"; bbox 0 0 1738 3043; ppageno 0'>
   <div class='ocr_carea' id='block_1_1' title="bbox 603 170 1541 212">
    <p class='ocr_par' dir='ltr' id='par_1_1' title="bbox 603 170 1541 212">
     <span class='ocr_line' id='line_1_1' title="bbox 603 170 1541 212; baseline 0.002 -2"><span class='ocrx_word' id='word_1_1' title='bbox 603 170 760 210; x_wconf 87' lang='lat' dir='ltr'>LlBER</span> <span class='ocrx_word' id='word_1_2' title='bbox 785 170 1064 210; x_wconf 82' lang='lat' dir='ltr'>SECUNDUS.</span> <span class='ocrx_word' id='word_1_3' title='bbox 1464 173 1541 212; x_wconf 83' lang='lat'>397</span> 
     </span>
    </p>
   </div>
   <div class='ocr_carea' id='block_1_2' title="bbox 123 250 1543 1876">
    <p class='ocr_par' dir='ltr' id='par_1_2' title="bbox 123 250 1543 934">
     <span class='ocr_line' id='line_1_2' title="bbox 124 250 1541 316; baseline -0.001 -18"><span class='ocrx_word' id='word_1_4' title='bbox 124 250 289 300; x_wconf 85' lang='lat' dir='ltr'>diebus</span> <span class='ocrx_word' id='word_1_5' title='bbox 327 269 431 308; x_wconf 77' lang='lat' dir='ltr'>xvi,</span> <span class='ocrx_word' id='word_1_6' title='bbox 477 263 691 316; x_wconf 85' lang='lat' dir='ltr'>tempore</span> <span class='ocrx_word' id='word_1_7' title='bbox 726 251 1006 298; x_wconf 80' lang='lat' dir='ltr'>Diocletiani</span> <span class='ocrx_word' id='word_1_8' title='bbox 1047 261 1092 297; x_wconf 84' lang='lat' dir='ltr'>et</span> <span class='ocrx_word' id='word_1_9' title='bbox 1126 252 1416 298; x_wconf 84' lang='lat' dir='ltr'>Maximiani.</span> <span class='ocrx_word' id='word_1_10' title='bbox 1454 253 1541 299; x_wconf 80' lang='lat' dir='ltr'>Hie</span> 
     </span>
     <span class='ocr_line' id='line_1_3' title="bbox 124 328 1540 394; baseline 0.002 -18"><span class='ocrx_word' id='word_1_11' title='bbox 124 329 333 378; x_wconf 83' lang='lat' dir='ltr'>decrevit</span> <span class='ocrx_word' id='word_1_12' title='bbox 359 340 413 377; x_wconf 89' lang='lat' dir='ltr'>ut</span> <span class='ocrx_word' id='word_1_13' title='bbox 441 332 593 394; x_wconf 88' lang='lat' dir='ltr'>major</span> <span class='ocrx_word' id='word_1_14' title='bbox 619 348 643 375; x_wconf 89' lang='lat' dir='ltr'>a</span> <span class='ocrx_word' id='word_1_15' title='bbox 669 329 855 375; x_wconf 88' lang='lat' dir='ltr'>minore</span> <span class='ocrx_word' id='word_1_16' title='bbox 879 346 979 375; x_wconf 88' lang='lat' dir='ltr'>non</span> <span class='ocrx_word' id='word_1_17' title='bbox 997 328 1256 392; x_wconf 80' lang='lat' dir='ltr'>judicetur,</span> <span class='ocrx_word' id='word_1_18' title='bbox 1283 330 1426 377; x_wconf 88' lang='lat' dir='ltr'>laicus</span> <span class='ocrx_word' id='word_1_19' title='bbox 1450 332 1540 379; x_wconf 89' lang='lat' dir='ltr'>cle-</span> 
     </span>
     <span class='ocr_line' id='line_1_4' title="bbox 125 405 1541 471; baseline 0.004 -19"><span class='ocrx_word' id='word_1_20' title='bbox 125 408 279 454; x_wconf 91' lang='lat' dir='ltr'>ricum</span> <span class='ocrx_word' id='word_1_21' title='bbox 311 425 410 455; x_wconf 88' lang='lat' dir='ltr'>non</span> <span class='ocrx_word' id='word_1_22' title='bbox 443 417 655 463; x_wconf 83' lang='lat' dir='ltr'>accuset3</span> <span class='ocrx_word' id='word_1_23' title='bbox 696 405 894 453; x_wconf 86' lang='lat' dir='ltr'>clericus</span> <span class='ocrx_word' id='word_1_24' title='bbox 926 424 1038 453; x_wconf 80' lang='lat' dir='ltr'>vero</span> <span class='ocrx_word' id='word_1_25' title='bbox 1071 407 1322 471; x_wconf 88' lang='lat' dir='ltr'>cujuslibet</span> <span class='ocrx_word' id='word_1_26' title='bbox 1360 409 1541 457; x_wconf 85' lang='lat' dir='ltr'>ordinis</span> 
     </span>
     <span class='ocr_line' id='line_1_5' title="bbox 124 483 1543 550; baseline 0.003 -20"><span class='ocrx_word' id='word_1_27' title='bbox 124 483 301 550; x_wconf 83' lang='lat' dir='ltr'>absque</span> <span class='ocrx_word' id='word_1_28' title='bbox 334 484 575 550; x_wconf 84' lang='lat' dir='ltr'>pontificis</span> <span class='ocrx_word' id='word_1_29' title='bbox 609 484 679 530; x_wconf 93' lang='lat' dir='ltr'>sui</span> <span class='ocrx_word' id='word_1_30' title='bbox 714 483 945 548; x_wconf 90' lang='lat' dir='ltr'>permissu</span> <span class='ocrx_word' id='word_1_31' title='bbox 976 484 1033 529; x_wconf 87' lang='lat' dir='ltr'>ad</span> <span class='ocrx_word' id='word_1_32' title='bbox 1061 485 1281 532; x_wconf 85' lang='lat' dir='ltr'>saeculare</span> <span class='ocrx_word' id='word_1_33' title='bbox 1309 486 1543 550; x_wconf 89' lang='lat' dir='ltr'>judicium</span> 
     </span>
     <span class='ocr_line' id='line_1_6' title="bbox 123 561 1536 626; baseline 0.001 -16"><span class='ocrx_word' id='word_1_34' title='bbox 123 563 368 611; x_wconf 85' lang='lat' dir='ltr'>neminem</span> <span class='ocrx_word' id='word_1_35' title='bbox 403 561 624 610; x_wconf 87' lang='lat' dir='ltr'>attrahat.</span> <span class='ocrx_word' id='word_1_36' title='bbox 662 562 997 626; x_wconf 84' lang='lat' dir='ltr'>Martyrizatus</span> <span class='ocrx_word' id='word_1_37' title='bbox 1031 572 1100 608; x_wconf 91' lang='lat' dir='ltr'>est</span> <span class='ocrx_word' id='word_1_38' title='bbox 1132 572 1290 610; x_wconf 86' lang='lat' dir='ltr'>autem</span> <span class='ocrx_word' id='word_1_39' title='bbox 1322 575 1408 611; x_wconf 89' lang='lat' dir='ltr'>v110</span> <span class='ocrx_word' id='word_1_40' title='bbox 1447 566 1536 612; x_wconf 86' lang='lat' dir='ltr'>kal.</span> 
     </span>
     <span class='ocr_line' id='line_1_7' title="bbox 124 638 1541 704; baseline 0.003 -18"><span class='ocrx_word' id='word_1_41' title='bbox 124 641 253 687; x_wconf 90' lang='lat' dir='ltr'>maii.</span> <span class='ocrx_word' id='word_1_42' title='bbox 282 640 403 687; x_wconf 93' lang='lat' dir='ltr'>Cum</span> <span class='ocrx_word' id='word_1_43' title='bbox 435 641 537 704; x_wconf 90' lang='lat' dir='ltr'>ipso</span> <span class='ocrx_word' id='word_1_44' title='bbox 563 639 686 685; x_wconf 87' lang='lat' dir='ltr'>intra</span> <span class='ocrx_word' id='word_1_45' title='bbox 720 655 814 685; x_wconf 85' lang='lat' dir='ltr'>xxx</span> <span class='ocrx_word' id='word_1_46' title='bbox 842 638 940 686; x_wconf 76' lang='lat' dir='ltr'>(lies</span> <span class='ocrx_word' id='word_1_47' title='bbox 968 655 1088 685; x_wconf 81' lang='lat' dir='ltr'>xvm</span> <span class='ocrx_word' id='word_1_48' title='bbox 1114 640 1262 686; x_wconf 89' lang='lat' dir='ltr'>millia</span> <span class='ocrx_word' id='word_1_49' title='bbox 1290 639 1541 690; x_wconf 88' lang='lat' dir='ltr'>hominum</span> 
     </span>
     <span class='ocr_line' id='line_1_8' title="bbox 123 716 1542 783; baseline 0.002 -19"><span class='ocrx_word' id='word_1_50' title='bbox 123 735 214 782; x_wconf 91' lang='lat' dir='ltr'>pro</span> <span class='ocrx_word' id='word_1_51' title='bbox 231 716 322 764; x_wconf 90' lang='lat' dir='ltr'>fide</span> <span class='ocrx_word' id='word_1_52' title='bbox 341 716 514 764; x_wconf 81' lang='lat' dir='ltr'>Christi</span> <span class='ocrx_word' id='word_1_53' title='bbox 539 716 773 780; x_wconf 83' lang='lat' dir='ltr'>perempti</span> <span class='ocrx_word' id='word_1_54' title='bbox 799 726 928 762; x_wconf 81' lang='lat' dir='ltr'>sunt.</span> <span class='ocrx_word' id='word_1_55' title='bbox 951 717 1089 762; x_wconf 92' lang='lat' dir='ltr'>Tunc</span> <span class='ocrx_word' id='word_1_56' title='bbox 1109 717 1255 764; x_wconf 87' lang='lat' dir='ltr'>nimia</span> <span class='ocrx_word' id='word_1_57' title='bbox 1275 722 1542 783; x_wconf 87' lang='lat' dir='ltr'>persecutio</span> 
     </span>
     <span class='ocr_line' id='line_1_9' title="bbox 123 793 1539 859; baseline 0.001 -17"><span class='ocrx_word' id='word_1_58' title='bbox 123 794 504 843; x_wconf 89' lang='lat' dir='ltr'>Christianorum</span> <span class='ocrx_word' id='word_1_59' title='bbox 527 793 644 850; x_wconf 90' lang='lat' dir='ltr'>fuit,</span> <span class='ocrx_word' id='word_1_60' title='bbox 681 804 729 840; x_wconf 90' lang='lat' dir='ltr'>et</span> <span class='ocrx_word' id='word_1_61' title='bbox 761 794 956 841; x_wconf 83' lang='lat' dir='ltr'>cessavit</span> <span class='ocrx_word' id='word_1_62' title='bbox 987 794 1281 859; x_wconf 85' lang='lat' dir='ltr'>episcopatus</span> <span class='ocrx_word' id='word_1_63' title='bbox 1309 798 1444 844; x_wconf 89' lang='lat' dir='ltr'>annis</span> <span class='ocrx_word' id='word_1_64' title='bbox 1475 816 1539 845; x_wconf 82' lang='lat' dir='ltr'>vu</span> 
     </span>
     <span class='ocr_line' id='line_1_10' title="bbox 124 871 892 934; baseline -0.004 -14"><span class='ocrx_word' id='word_1_65' title='bbox 124 872 365 922; x_wconf 89' lang='lat' dir='ltr'>mensibus</span> <span class='ocrx_word' id='word_1_66' title='bbox 390 889 456 919; x_wconf 82' lang='lat' dir='ltr'>vn</span> <span class='ocrx_word' id='word_1_67' title='bbox 484 871 649 919; x_wconf 87' lang='lat' dir='ltr'>diebus</span> <span class='ocrx_word' id='word_1_68' title='bbox 675 888 775 919; x_wconf 87' lang='lat' dir='ltr'>xxv</span> <span class='ocrx_word' id='word_1_69' title='bbox 802 872 892 934; x_wconf 78' lang='grc' dir='ltr'>(ι).</span> 
     </span>
    </p>

    <p class='ocr_par' dir='ltr' id='par_1_3' title="bbox 123 949 1541 1327">
     <span class='ocr_line' id='line_1_11' title="bbox 189 949 1541 1010; baseline 0.003 -13"><span class='ocrx_word' id='word_1_70' title='bbox 189 950 441 998; x_wconf 83' lang='lat' dir='ltr'>Marcellus</span> <span class='ocrx_word' id='word_1_71' title='bbox 462 951 722 1006; x_wconf 86' lang='lat' dir='ltr'>Romanus,</span> <span class='ocrx_word' id='word_1_72' title='bbox 745 949 802 996; x_wconf 89' lang='lat' dir='ltr'>de</span> <span class='ocrx_word' id='word_1_73' title='bbox 818 949 904 998; x_wconf 85' lang='lat' dir='ltr'>Via</span> <span class='ocrx_word' id='word_1_74' title='bbox 920 951 1052 1010; x_wconf 86' lang='lat' dir='ltr'>Lata,</span> <span class='ocrx_word' id='word_1_75' title='bbox 1071 950 1191 998; x_wconf 89' lang='lat' dir='ltr'>sedit</span> <span class='ocrx_word' id='word_1_76' title='bbox 1208 952 1344 998; x_wconf 88' lang='lat' dir='ltr'>annis</span> <span class='ocrx_word' id='word_1_77' title='bbox 1360 971 1388 998; x_wconf 91' lang='lat' dir='ltr'>x</span> <span class='ocrx_word' id='word_1_78' title='bbox 1406 971 1541 1001; x_wconf 91' lang='lat' dir='ltr'>men-</span> 
     </span>
     <span class='ocr_line' id='line_1_12' title="bbox 123 1026 1538 1092; baseline 0.003 -17"><span class='ocrx_word' id='word_1_79' title='bbox 123 1026 252 1075; x_wconf 90' lang='lat' dir='ltr'>sibus</span> <span class='ocrx_word' id='word_1_80' title='bbox 277 1045 345 1075; x_wconf 88' lang='lat' dir='ltr'>v11</span> <span class='ocrx_word' id='word_1_81' title='bbox 371 1027 537 1075; x_wconf 88' lang='lat' dir='ltr'>diebus</span> <span class='ocrx_word' id='word_1_82' title='bbox 563 1043 678 1085; x_wconf 86' lang='lat' dir='ltr'>xx1‚</span> <span class='ocrx_word' id='word_1_83' title='bbox 705 1037 918 1092; x_wconf 89' lang='lat' dir='ltr'>tempore</span> <span class='ocrx_word' id='word_1_84' title='bbox 943 1028 1174 1075; x_wconf 84' lang='lat' dir='ltr'>Maxentii</span> <span class='ocrx_word' id='word_1_85' title='bbox 1206 1038 1254 1076; x_wconf 90' lang='lat' dir='ltr'>et</span> <span class='ocrx_word' id='word_1_86' title='bbox 1274 1030 1538 1080; x_wconf 84' lang='lat' dir='ltr'>Maximini.</span> 
     </span>
     <span class='ocr_line' id='line_1_13' title="bbox 124 1106 1541 1172; baseline 0.002 -18"><span class='ocrx_word' id='word_1_87' title='bbox 124 1107 218 1169; x_wconf 85' lang='lat' dir='ltr'>Qui</span> <span class='ocrx_word' id='word_1_88' title='bbox 254 1107 303 1154; x_wconf 88' lang='lat' dir='ltr'>in</span> <span class='ocrx_word' id='word_1_89' title='bbox 338 1106 556 1154; x_wconf 85' lang='lat' dir='ltr'>catabulo</span> <span class='ocrx_word' id='word_1_90' title='bbox 585 1109 716 1171; x_wconf 90' lang='lat' dir='ltr'>jussu</span> <span class='ocrx_word' id='word_1_91' title='bbox 749 1107 943 1172; x_wconf 77' lang='lat' dir='ltr'>tyranni</span> <span class='ocrx_word' id='word_1_92' title='bbox 969 1108 1102 1172; x_wconf 86' lang='lat' dir='ltr'>equis</span> <span class='ocrx_word' id='word_1_93' title='bbox 1134 1107 1217 1154; x_wconf 91' lang='lat' dir='ltr'>diu</span> <span class='ocrx_word' id='word_1_94' title='bbox 1251 1107 1467 1168; x_wconf 42' lang='lat' dir='ltr'>servibit,</span> <span class='ocrx_word' id='word_1_95' title='bbox 1495 1122 1541 1159; x_wconf 87' lang='lat' dir='ltr'>et</span> 
     </span>
     <span class='ocr_line' id='line_1_14' title="bbox 124 1182 1541 1250; baseline 0.002 -18"><span class='ocrx_word' id='word_1_96' title='bbox 124 1183 316 1232; x_wconf 84' lang='lat' dir='ltr'>tandem</span> <span class='ocrx_word' id='word_1_97' title='bbox 340 1193 463 1231; x_wconf 82' lang='lat' dir='ltr'>xvn⁰</span> <span class='ocrx_word' id='word_1_98' title='bbox 498 1185 591 1230; x_wconf 83' lang='lat' dir='ltr'>kal.</span> <span class='ocrx_word' id='word_1_99' title='bbox 633 1182 860 1231; x_wconf 88' lang='lat' dir='ltr'>februarii</span> <span class='ocrx_word' id='word_1_100' title='bbox 897 1184 1133 1250; x_wconf 73' lang='lat' dir='ltr'>migravit.</span> <span class='ocrx_word' id='word_1_101' title='bbox 1177 1185 1318 1232; x_wconf 90' lang='lat' dir='ltr'>Tunc</span> <span class='ocrx_word' id='word_1_102' title='bbox 1349 1190 1541 1235; x_wconf 85' lang='lat' dir='ltr'>cessavit</span> 
     </span>
     <span class='ocr_line' id='line_1_15' title="bbox 123 1261 1469 1327; baseline -0.002 -16"><span class='ocrx_word' id='word_1_103' title='bbox 123 1263 419 1327; x_wconf 86' lang='lat' dir='ltr'>episcopatus</span> <span class='ocrx_word' id='word_1_104' title='bbox 444 1261 608 1309; x_wconf 87' lang='lat' dir='ltr'>diebus</span> <span class='ocrx_word' id='word_1_105' title='bbox 630 1279 695 1308; x_wconf 90' lang='lat' dir='ltr'>xx</span> <span class='ocrx_word' id='word_1_106' title='bbox 718 1263 810 1327; x_wconf 85' lang='lat'>(2).</span> <span class='ocrx_word' id='word_1_107' title='bbox 1465 1318 1469 1326; x_wconf 35' lang='grc'>1</span> 
     </span>
    </p>

    <p class='ocr_par' dir='ltr' id='par_1_4' title="bbox 123 1338 1541 1719">
     <span class='ocr_line' id='line_1_16' title="bbox 189 1338 1538 1398; baseline 0.002 -11"><span class='ocrx_word' id='word_1_108' title='bbox 189 1339 422 1388; x_wconf 88' lang='lat' dir='ltr'>Eusebius</span> <span class='ocrx_word' id='word_1_109' title='bbox 437 1338 656 1397; x_wconf 85' lang='lat' dir='ltr'>Graecus,</span> <span class='ocrx_word' id='word_1_110' title='bbox 679 1357 734 1387; x_wconf 86' lang='lat' dir='ltr'>ex</span> <span class='ocrx_word' id='word_1_111' title='bbox 747 1339 956 1398; x_wconf 87' lang='lat' dir='ltr'>medico,</span> <span class='ocrx_word' id='word_1_112' title='bbox 979 1341 1098 1388; x_wconf 89' lang='lat' dir='ltr'>sedit</span> <span class='ocrx_word' id='word_1_113' title='bbox 1116 1342 1252 1388; x_wconf 88' lang='lat' dir='ltr'>annis</span> <span class='ocrx_word' id='word_1_114' title='bbox 1276 1360 1325 1390; x_wconf 85' lang='lat' dir='ltr'>VI</span> <span class='ocrx_word' id='word_1_115' title='bbox 1346 1361 1505 1392; x_wconf 89' lang='lat' dir='ltr'>mense</span> <span class='ocrx_word' id='word_1_116' title='bbox 1527 1362 1538 1390; x_wconf 85' lang='lat'><em>1</em></span> 
     </span>
     <span class='ocr_line' id='line_1_17' title="bbox 124 1417 1541 1483; baseline 0.002 -18"><span class='ocrx_word' id='word_1_117' title='bbox 124 1418 289 1467; x_wconf 88' lang='lat' dir='ltr'>diebus</span> <span class='ocrx_word' id='word_1_118' title='bbox 324 1436 407 1476; x_wconf 91' lang='lat'>111,</span> <span class='ocrx_word' id='word_1_119' title='bbox 446 1429 661 1483; x_wconf 89' lang='lat' dir='ltr'>tempore</span> <span class='ocrx_word' id='word_1_120' title='bbox 698 1417 1002 1466; x_wconf 86' lang='lat' dir='ltr'>Constantini</span> <span class='ocrx_word' id='word_1_121' title='bbox 1015 1438 1028 1475; x_wconf 89' lang='lat'>;</span> <span class='ocrx_word' id='word_1_122' title='bbox 1071 1430 1138 1466; x_wconf 84' lang='lat' dir='ltr'>v1⁰</span> <span class='ocrx_word' id='word_1_123' title='bbox 1174 1437 1291 1467; x_wconf 88' lang='lat' dir='ltr'>non.</span> <span class='ocrx_word' id='word_1_124' title='bbox 1330 1422 1541 1470; x_wconf 86' lang='lat' dir='ltr'>octobris</span> 
     </span>
     <span class='ocr_line' id='line_1_18' title="bbox 124 1496 1541 1564; baseline 0.001 -18"><span class='ocrx_word' id='word_1_125' title='bbox 124 1498 272 1557; x_wconf 88' lang='lat' dir='ltr'>obiit,</span> <span class='ocrx_word' id='word_1_126' title='bbox 312 1509 359 1546; x_wconf 88' lang='lat' dir='ltr'>et</span> <span class='ocrx_word' id='word_1_127' title='bbox 385 1498 580 1545; x_wconf 84' lang='lat' dir='ltr'>cessavit</span> <span class='ocrx_word' id='word_1_128' title='bbox 603 1497 898 1562; x_wconf 80' lang='lat' dir='ltr'>episcopatus</span> <span class='ocrx_word' id='word_1_129' title='bbox 926 1496 1092 1545; x_wconf 87' lang='lat' dir='ltr'>diebus</span> <span class='ocrx_word' id='word_1_130' title='bbox 1118 1515 1204 1545; x_wconf 75' lang='grc' dir='ltr'>νη.</span> <span class='ocrx_word' id='word_1_131' title='bbox 1240 1500 1388 1564; x_wconf 89' lang='lat' dir='ltr'>Hujus</span> <span class='ocrx_word' id='word_1_132' title='bbox 1415 1511 1541 1548; x_wconf 91' lang='lat' dir='ltr'>tem-</span> 
     </span>
     <span class='ocr_line' id='line_1_19' title="bbox 123 1575 1540 1642; baseline 0.002 -18"><span class='ocrx_word' id='word_1_133' title='bbox 123 1593 242 1642; x_wconf 91' lang='lat' dir='ltr'>pore</span> <span class='ocrx_word' id='word_1_134' title='bbox 259 1594 375 1624; x_wconf 86' lang='lat' dir='ltr'>crux</span> <span class='ocrx_word' id='word_1_135' title='bbox 393 1576 592 1623; x_wconf 87' lang='lat' dir='ltr'>Domini</span> <span class='ocrx_word' id='word_1_136' title='bbox 617 1577 770 1624; x_wconf 87' lang='lat' dir='ltr'>nostri</span> <span class='ocrx_word' id='word_1_137' title='bbox 788 1577 898 1624; x_wconf 89' lang='lat' dir='ltr'>Jesu</span> <span class='ocrx_word' id='word_1_138' title='bbox 922 1575 1097 1624; x_wconf 88' lang='lat' dir='ltr'>Christi</span> <span class='ocrx_word' id='word_1_139' title='bbox 1123 1586 1175 1624; x_wconf 91' lang='lat' dir='ltr'>v⁰</span> <span class='ocrx_word' id='word_1_140' title='bbox 1199 1595 1318 1625; x_wconf 86' lang='lat' dir='ltr'>non.</span> <span class='ocrx_word' id='word_1_141' title='bbox 1340 1580 1450 1626; x_wconf 88' lang='lat' dir='ltr'>maii</span> <span class='ocrx_word' id='word_1_142' title='bbox 1472 1580 1540 1627; x_wconf 91' lang='lat' dir='ltr'>in-</span> 
     </span>
     <span class='ocr_line' id='line_1_20' title="bbox 123 1652 1394 1719; baseline 0.002 -19"><span class='ocrx_word' id='word_1_143' title='bbox 123 1663 263 1702; x_wconf 85' lang='lat' dir='ltr'>venta</span> <span class='ocrx_word' id='word_1_144' title='bbox 293 1663 389 1711; x_wconf 87' lang='lat' dir='ltr'>est,</span> <span class='ocrx_word' id='word_1_145' title='bbox 411 1662 460 1700; x_wconf 86' lang='lat' dir='ltr'>et</span> <span class='ocrx_word' id='word_1_146' title='bbox 481 1652 621 1700; x_wconf 90' lang='lat' dir='ltr'>Judas</span> <span class='ocrx_word' id='word_1_147' title='bbox 647 1652 896 1713; x_wconf 85' lang='lat' dir='ltr'>Quiriaeus</span> <span class='ocrx_word' id='word_1_148' title='bbox 921 1652 1184 1718; x_wconf 87' lang='lat' dir='ltr'>baptizatus</span> <span class='ocrx_word' id='word_1_149' title='bbox 1208 1666 1277 1701; x_wconf 90' lang='lat' dir='ltr'>est</span> <span class='ocrx_word' id='word_1_150' title='bbox 1301 1656 1394 1719; x_wconf 82' lang='lat'>(3).</span> 
     </span>
    </p>

    <p class='ocr_par' dir='ltr' id='par_1_5' title="bbox 124 1728 1541 1876">
     <span class='ocr_line' id='line_1_21' title="bbox 188 1728 1541 1781; baseline 0.001 -3"><span class='ocrx_word' id='word_1_151' title='bbox 188 1730 472 1778; x_wconf 90' lang='lat' dir='ltr'>Melchiades</span> <span class='ocrx_word' id='word_1_152' title='bbox 503 1728 618 1777; x_wconf 88' lang='lat' dir='ltr'>Afer</span> <span class='ocrx_word' id='word_1_153' title='bbox 654 1730 774 1776; x_wconf 87' lang='lat' dir='ltr'>sedit</span> <span class='ocrx_word' id='word_1_154' title='bbox 806 1731 942 1777; x_wconf 87' lang='lat' dir='ltr'>annis</span> <span class='ocrx_word' id='word_1_155' title='bbox 977 1747 1043 1777; x_wconf 84' lang='grc' dir='ltr'>ιν.</span> <span class='ocrx_word' id='word_1_156' title='bbox 1080 1731 1167 1777; x_wconf 91' lang='lat' dir='ltr'>Hic</span> <span class='ocrx_word' id='word_1_157' title='bbox 1206 1733 1456 1780; x_wconf 90' lang='lat' dir='ltr'>constituit</span> <span class='ocrx_word' id='word_1_158' title='bbox 1487 1746 1541 1781; x_wconf 88' lang='lat' dir='ltr'>ut</span> 
     </span>
     <span class='ocr_line' id='line_1_22' title="bbox 124 1807 1539 1876; baseline 0.001 -19"><span class='ocrx_word' id='word_1_159' title='bbox 124 1809 283 1857; x_wconf 91' lang='lat' dir='ltr'>nullus</span> <span class='ocrx_word' id='word_1_160' title='bbox 315 1808 527 1856; x_wconf 87' lang='lat' dir='ltr'>fidelium</span> <span class='ocrx_word' id='word_1_161' title='bbox 551 1807 796 1856; x_wconf 88' lang='lat' dir='ltr'>dominico</span> <span class='ocrx_word' id='word_1_162' title='bbox 820 1810 1056 1873; x_wconf 87' lang='lat' dir='ltr'>jejunaret</span> <span class='ocrx_word' id='word_1_163' title='bbox 1072 1844 1087 1867; x_wconf 88' lang='lat'><strong><em>,</em></strong></span> <span class='ocrx_word' id='word_1_164' title='bbox 1122 1826 1209 1855; x_wconf 88' lang='lat' dir='ltr'>nec</span> <span class='ocrx_word' id='word_1_165' title='bbox 1233 1809 1349 1857; x_wconf 89' lang='lat' dir='ltr'>feria</span> <span class='ocrx_word' id='word_1_166' title='bbox 1379 1820 1425 1855; x_wconf 72' lang='lat' dir='ltr'>va</span> <span class='ocrx_word' id='word_1_167' title='bbox 1450 1830 1539 1876; x_wconf 91' lang='lat' dir='ltr'>pro</span> 
     </span>
    </p>
   </div>
   <div class='ocr_carea' id='block_1_3' title="bbox 126 2049 1539 2697">
    <p class='ocr_par' dir='ltr' id='par_1_6' title="bbox 126 2049 1539 2338">
     <span class='ocr_line' id='line_1_23' title="bbox 171 2049 1539 2101; baseline 0.001 -12"><span class='ocrx_word' id='word_1_168' title='bbox 171 2055 223 2101; x_wconf 83' lang='grc' dir='ltr'>(ι)</span> <span class='ocrx_word' id='word_1_169' title='bbox 246 2051 311 2098; x_wconf 82' lang='lat'>(30</span> <span class='ocrx_word' id='word_1_170' title='bbox 324 2052 408 2099; x_wconf 87' lang='lat' dir='ltr'>juin</span> <span class='ocrx_word' id='word_1_171' title='bbox 430 2050 565 2099; x_wconf 68' lang='lat'><strong>296-24</strong></span> <span class='ocrx_word' id='word_1_172' title='bbox 586 2050 735 2086; x_wconf 81' lang='lat' dir='ltr'>octobre</span> <span class='ocrx_word' id='word_1_173' title='bbox 753 2049 851 2096; x_wconf 75' lang='grc'>504.)</span> <span class='ocrx_word' id='word_1_174' title='bbox 869 2051 989 2086; x_wconf 74' lang='lat' dir='ltr'>Meme</span> <span class='ocrx_word' id='word_1_175' title='bbox 1008 2050 1236 2087; x_wconf 85' lang='lat' dir='ltr'>observation</span> <span class='ocrx_word' id='word_1_176' title='bbox 1253 2063 1316 2087; x_wconf 90' lang='lat' dir='ltr'>sur</span> <span class='ocrx_word' id='word_1_177' title='bbox 1330 2052 1363 2088; x_wconf 89' lang='lat' dir='ltr'>le</span> <span class='ocrx_word' id='word_1_178' title='bbox 1380 2061 1539 2101; x_wconf 73' lang='lat' dir='ltr'>martyre</span> 
     </span>
     <span class='ocr_line' id='line_1_24' title="bbox 126 2109 1537 2162; baseline 0 -14"><span class='ocrx_word' id='word_1_179' title='bbox 126 2119 164 2148; x_wconf 86' lang='lat' dir='ltr'>et</span> <span class='ocrx_word' id='word_1_180' title='bbox 182 2124 245 2148; x_wconf 87' lang='lat' dir='ltr'>sur</span> <span class='ocrx_word' id='word_1_181' title='bbox 259 2112 310 2147; x_wconf 89' lang='lat' dir='ltr'>les</span> <span class='ocrx_word' id='word_1_182' title='bbox 326 2111 583 2147; x_wconf 80' lang='lat' dir='ltr'>constitutions</span> <span class='ocrx_word' id='word_1_183' title='bbox 601 2109 646 2145; x_wconf 89' lang='lat' dir='ltr'>de</span> <span class='ocrx_word' id='word_1_184' title='bbox 663 2110 757 2145; x_wconf 84' lang='lat' dir='ltr'>saint</span> <span class='ocrx_word' id='word_1_185' title='bbox 773 2110 973 2145; x_wconf 85' lang='lat' dir='ltr'>Marcellin.</span> <span class='ocrx_word' id='word_1_186' title='bbox 994 2111 1042 2146; x_wconf 92' lang='lat' dir='ltr'>Le</span> <span class='ocrx_word' id='word_1_187' title='bbox 1060 2112 1212 2146; x_wconf 82' lang='lat' dir='ltr'>nombre</span> <span class='ocrx_word' id='word_1_188' title='bbox 1229 2111 1291 2147; x_wconf 88' lang='lat' dir='ltr'>des</span> <span class='ocrx_word' id='word_1_189' title='bbox 1308 2120 1462 2160; x_wconf 69' lang='lat' dir='ltr'>martyrs</span> <span class='ocrx_word' id='word_1_190' title='bbox 1475 2116 1537 2162; x_wconf 83' lang='lat' dir='ltr'>qni</span> 
     </span>
     <span class='ocr_line' id='line_1_25' title="bbox 126 2169 1537 2222; baseline 0 -14"><span class='ocrx_word' id='word_1_191' title='bbox 126 2172 317 2222; x_wconf 87' lang='lat' dir='ltr'>perdirent</span> <span class='ocrx_word' id='word_1_192' title='bbox 339 2171 373 2206; x_wconf 85' lang='lat' dir='ltr'>la</span> <span class='ocrx_word' id='word_1_193' title='bbox 398 2171 455 2206; x_wconf 77' lang='lat' dir='ltr'>vie</span> <span class='ocrx_word' id='word_1_194' title='bbox 472 2183 517 2205; x_wconf 88' lang='lat' dir='ltr'>en</span> <span class='ocrx_word' id='word_1_195' title='bbox 537 2169 606 2213; x_wconf 73' lang='grc'>504</span> <span class='ocrx_word' id='word_1_196' title='bbox 628 2170 720 2205; x_wconf 87' lang='lat' dir='ltr'>n&#39;est</span> <span class='ocrx_word' id='word_1_197' title='bbox 738 2172 843 2218; x_wconf 75' lang='lat' dir='ltr'>porte</span> <span class='ocrx_word' id='word_1_198' title='bbox 865 2170 1153 2206; x_wconf 87' lang='lat' dir='ltr'>ordinairement</span> <span class='ocrx_word' id='word_1_199' title='bbox 1173 2171 1255 2219; x_wconf 68' lang='lat' dir='ltr'>qu’a</span> <span class='ocrx_word' id='word_1_200' title='bbox 1275 2172 1367 2207; x_wconf 88' lang='lat' dir='ltr'>seize</span> <span class='ocrx_word' id='word_1_201' title='bbox 1389 2185 1437 2208; x_wconf 88' lang='lat' dir='ltr'>ou</span> <span class='ocrx_word' id='word_1_202' title='bbox 1457 2173 1537 2209; x_wconf 81' lang='lat' dir='ltr'>dix-</span> 
     </span>
     <span class='ocr_line' id='line_1_26' title="bbox 127 2230 1536 2281; baseline 0.001 -13"><span class='ocrx_word' id='word_1_203' title='bbox 127 2240 207 2281; x_wconf 89' lang='lat' dir='ltr'>sept</span> <span class='ocrx_word' id='word_1_204' title='bbox 224 2230 334 2266; x_wconf 89' lang='lat' dir='ltr'>mille.</span> <span class='ocrx_word' id='word_1_205' title='bbox 354 2231 401 2265; x_wconf 89' lang='lat' dir='ltr'>Le</span> <span class='ocrx_word' id='word_1_206' title='bbox 419 2230 627 2277; x_wconf 77' lang='lat' dir='ltr'>saint-siege</span> <span class='ocrx_word' id='word_1_207' title='bbox 640 2242 686 2264; x_wconf 87' lang='lat' dir='ltr'>ne</span> <span class='ocrx_word' id='word_1_208' title='bbox 701 2236 794 2265; x_wconf 81' lang='lat' dir='ltr'>resta</span> <span class='ocrx_word' id='word_1_209' title='bbox 810 2241 872 2277; x_wconf 89' lang='lat' dir='ltr'>pas</span> <span class='ocrx_word' id='word_1_210' title='bbox 886 2237 1011 2265; x_wconf 85' lang='lat' dir='ltr'>vacant</span> <span class='ocrx_word' id='word_1_211' title='bbox 1028 2230 1189 2278; x_wconf 88' lang='lat' dir='ltr'>pendant</span> <span class='ocrx_word' id='word_1_212' title='bbox 1201 2238 1281 2279; x_wconf 86' lang='lat' dir='ltr'>sept</span> <span class='ocrx_word' id='word_1_213' title='bbox 1293 2244 1356 2267; x_wconf 85' lang='lat' dir='ltr'>ans</span> <span class='ocrx_word' id='word_1_214' title='bbox 1369 2239 1406 2268; x_wconf 89' lang='lat' dir='ltr'>et</span> <span class='ocrx_word' id='word_1_215' title='bbox 1419 2232 1536 2278; x_wconf 88' lang='lat' dir='ltr'>demi,</span> 
     </span>
     <span class='ocr_line' id='line_1_27' title="bbox 127 2289 989 2338; baseline -0.006 -9"><span class='ocrx_word' id='word_1_216' title='bbox 127 2294 218 2329; x_wconf 88' lang='lat' dir='ltr'>mais</span> <span class='ocrx_word' id='word_1_217' title='bbox 236 2291 436 2327; x_wconf 86' lang='lat' dir='ltr'>seulement</span> <span class='ocrx_word' id='word_1_218' title='bbox 454 2289 615 2338; x_wconf 85' lang='lat' dir='ltr'>pendant</span> <span class='ocrx_word' id='word_1_219' title='bbox 633 2291 722 2325; x_wconf 86' lang='lat' dir='ltr'>trois</span> <span class='ocrx_word' id='word_1_220' title='bbox 739 2302 803 2325; x_wconf 89' lang='lat' dir='ltr'>ans</span> <span class='ocrx_word' id='word_1_221' title='bbox 821 2297 858 2325; x_wconf 85' lang='lat' dir='ltr'>et</span> <span class='ocrx_word' id='word_1_222' title='bbox 875 2289 989 2325; x_wconf 83' lang='lat' dir='ltr'>demi.</span> 
     </span>
    </p>

    <p class='ocr_par' dir='ltr' id='par_1_7' title="bbox 127 2347 1539 2516">
     <span class='ocr_line' id='line_1_28' title="bbox 173 2347 1539 2399; baseline 0.001 -13"><span class='ocrx_word' id='word_1_223' title='bbox 173 2351 224 2398; x_wconf 88' lang='lat'>(2)</span> <span class='ocrx_word' id='word_1_224' title='bbox 250 2352 317 2399; x_wconf 85' lang='lat'>(¹9</span> <span class='ocrx_word' id='word_1_225' title='bbox 342 2350 413 2384; x_wconf 82' lang='lat' dir='ltr'>mai</span> <span class='ocrx_word' id='word_1_226' title='bbox 440 2348 576 2384; x_wconf 82' lang='lat'>508-16</span> <span class='ocrx_word' id='word_1_227' title='bbox 597 2348 738 2395; x_wconf 89' lang='lat' dir='ltr'>janvier</span> <span class='ocrx_word' id='word_1_228' title='bbox 761 2347 866 2395; x_wconf 73' lang='grc' dir='ltr'>διο.)</span> <span class='ocrx_word' id='word_1_229' title='bbox 891 2349 992 2384; x_wconf 77' lang='lat' dir='ltr'>Nous</span> <span class='ocrx_word' id='word_1_230' title='bbox 1014 2361 1122 2384; x_wconf 81' lang='lat' dir='ltr'>avons</span> <span class='ocrx_word' id='word_1_231' title='bbox 1147 2348 1300 2398; x_wconf 77' lang='lat' dir='ltr'>indique</span> <span class='ocrx_word' id='word_1_232' title='bbox 1322 2352 1370 2385; x_wconf 81' lang='grc' dir='ltr'>οὺ</span> <span class='ocrx_word' id='word_1_233' title='bbox 1393 2352 1482 2387; x_wconf 70' lang='lat' dir='ltr'>etait</span> <span class='ocrx_word' id='word_1_234' title='bbox 1507 2353 1539 2388; x_wconf 80' lang='lat' dir='ltr'>le</span> 
     </span>
     <span class='ocr_line' id='line_1_29' title="bbox 127 2407 1538 2459; baseline 0.001 -13"><span class='ocrx_word' id='word_1_235' title='bbox 127 2410 294 2459; x_wconf 87' lang='lat' dir='ltr'>quartier</span> <span class='ocrx_word' id='word_1_236' title='bbox 321 2409 366 2444; x_wconf 87' lang='lat' dir='ltr'>de</span> <span class='ocrx_word' id='word_1_237' title='bbox 388 2409 426 2444; x_wconf 93' lang='lat' dir='ltr'><em>V</em></span> <span class='ocrx_word' id='word_1_238' title='bbox 424 2410 459 2443; x_wconf 84' lang='lat' dir='ltr'>ia</span> <span class='ocrx_word' id='word_1_239' title='bbox 482 2408 593 2443; x_wconf 84' lang='lat' dir='ltr'>Lala.</span> <span class='ocrx_word' id='word_1_240' title='bbox 613 2408 661 2443; x_wconf 83' lang='lat' dir='ltr'>La</span> <span class='ocrx_word' id='word_1_241' title='bbox 684 2407 966 2443; x_wconf 84' lang='lat' dir='ltr'>condamnation</span> <span class='ocrx_word' id='word_1_242' title='bbox 989 2407 1034 2443; x_wconf 87' lang='lat' dir='ltr'>de</span> <span class='ocrx_word' id='word_1_243' title='bbox 1058 2408 1152 2444; x_wconf 89' lang='lat' dir='ltr'>saint</span> <span class='ocrx_word' id='word_1_244' title='bbox 1175 2409 1311 2445; x_wconf 84' lang='lat' dir='ltr'>Marcel</span> <span class='ocrx_word' id='word_1_245' title='bbox 1336 2423 1381 2446; x_wconf 89' lang='lat' dir='ltr'>au</span> <span class='ocrx_word' id='word_1_246' title='bbox 1405 2413 1538 2448; x_wconf 80' lang='lat' dir='ltr'>service</span> 
     </span>
     <span class='ocr_line' id='line_1_30' title="bbox 128 2467 1010 2516; baseline -0.002 -11"><span class='ocrx_word' id='word_1_247' title='bbox 128 2469 175 2505; x_wconf 88' lang='lat' dir='ltr'>de</span> <span class='ocrx_word' id='word_1_248' title='bbox 192 2469 341 2505; x_wconf 77' lang='lat' dir='ltr'>l&#39;ecurie</span> <span class='ocrx_word' id='word_1_249' title='bbox 357 2474 410 2503; x_wconf 90' lang='lat' dir='ltr'>est</span> <span class='ocrx_word' id='word_1_250' title='bbox 428 2479 478 2502; x_wconf 90' lang='lat' dir='ltr'>un</span> <span class='ocrx_word' id='word_1_251' title='bbox 496 2467 561 2502; x_wconf 80' lang='lat' dir='ltr'>fait</span> <span class='ocrx_word' id='word_1_252' title='bbox 577 2467 651 2502; x_wconf 67' lang='lat' dir='ltr'>tres</span> <span class='ocrx_word' id='word_1_253' title='bbox 667 2479 739 2514; x_wconf 90' lang='lat' dir='ltr'>peu</span> <span class='ocrx_word' id='word_1_254' title='bbox 756 2467 1010 2516; x_wconf 83' lang='lat' dir='ltr'>authentique.</span> 
     </span>
    </p>

    <p class='ocr_par' dir='ltr' id='par_1_8' title="bbox 131 2525 1538 2697">
     <span class='ocr_line' id='line_1_31' title="bbox 175 2525 1538 2578; baseline 0 -13"><span class='ocrx_word' id='word_1_255' title='bbox 175 2528 226 2576; x_wconf 82' lang='lat'>(3)</span> <span class='ocrx_word' id='word_1_256' title='bbox 249 2529 309 2576; x_wconf 81' lang='lat'>(20</span> <span class='ocrx_word' id='word_1_257' title='bbox 326 2528 464 2564; x_wconf 88' lang='lat' dir='ltr'>mai-26</span> <span class='ocrx_word' id='word_1_258' title='bbox 486 2527 690 2576; x_wconf 82' lang='lat' dir='ltr'>septembre</span> <span class='ocrx_word' id='word_1_259' title='bbox 707 2525 804 2573; x_wconf 83' lang='lat'>310.)</span> <span class='ocrx_word' id='word_1_260' title='bbox 822 2529 871 2563; x_wconf 81' lang='lat' dir='ltr'>La</span> <span class='ocrx_word' id='word_1_261' title='bbox 895 2527 1110 2564; x_wconf 72' lang='lat' dir='ltr'>decouverte</span> <span class='ocrx_word' id='word_1_262' title='bbox 1128 2527 1173 2564; x_wconf 91' lang='lat' dir='ltr'>de</span> <span class='ocrx_word' id='word_1_263' title='bbox 1190 2528 1224 2564; x_wconf 85' lang='lat' dir='ltr'>la</span> <span class='ocrx_word' id='word_1_264' title='bbox 1242 2531 1339 2565; x_wconf 87' lang='lat' dir='ltr'>vraie</span> <span class='ocrx_word' id='word_1_265' title='bbox 1356 2531 1456 2565; x_wconf 81' lang='lat' dir='ltr'>croix</span> <span class='ocrx_word' id='word_1_266' title='bbox 1474 2542 1538 2578; x_wconf 86' lang='lat' dir='ltr'>par</span> 
     </span>
     <span class='ocr_line' id='line_1_32' title="bbox 131 2586 1535 2636; baseline -0.001 -11"><span class='ocrx_word' id='word_1_267' title='bbox 131 2589 246 2625; x_wconf 81' lang='lat' dir='ltr'>sainte</span> <span class='ocrx_word' id='word_1_268' title='bbox 261 2589 401 2625; x_wconf 78' lang='lat' dir='ltr'>Helene</span> <span class='ocrx_word' id='word_1_269' title='bbox 415 2588 471 2623; x_wconf 88' lang='lat' dir='ltr'>n‘a</span> <span class='ocrx_word' id='word_1_270' title='bbox 489 2601 534 2624; x_wconf 81' lang='lat' dir='ltr'>eu</span> <span class='ocrx_word' id='word_1_271' title='bbox 548 2588 621 2624; x_wconf 88' lang='lat' dir='ltr'>lieu</span> <span class='ocrx_word' id='word_1_272' title='bbox 636 2588 745 2636; x_wconf 89' lang='lat' dir='ltr'>qu’en</span> <span class='ocrx_word' id='word_1_273' title='bbox 762 2586 841 2636; x_wconf 79' lang='lat'><strong>327.</strong></span> <span class='ocrx_word' id='word_1_274' title='bbox 859 2587 953 2624; x_wconf 84' lang='lat' dir='ltr'>Jude</span> <span class='ocrx_word' id='word_1_275' title='bbox 971 2588 1143 2632; x_wconf 86' lang='lat' dir='ltr'>Quiriace</span> <span class='ocrx_word' id='word_1_276' title='bbox 1156 2601 1204 2624; x_wconf 91' lang='lat' dir='ltr'>ou</span> <span class='ocrx_word' id='word_1_277' title='bbox 1223 2590 1404 2636; x_wconf 81' lang='lat' dir='ltr'>Cyriaque</span> <span class='ocrx_word' id='word_1_278' title='bbox 1417 2597 1472 2625; x_wconf 82' lang='lat' dir='ltr'>est</span> <span class='ocrx_word' id='word_1_279' title='bbox 1486 2602 1535 2625; x_wconf 91' lang='lat' dir='ltr'>un</span> 
     </span>
     <span class='ocr_line' id='line_1_33' title="bbox 131 2651 538 2697; baseline 0 -13"><span class='ocrx_word' id='word_1_280' title='bbox 131 2661 355 2697; x_wconf 85' lang='lat' dir='ltr'>personnage</span> <span class='ocrx_word' id='word_1_281' title='bbox 372 2651 538 2697; x_wconf 73' lang='lat' dir='ltr'>suppose.</span> 
     </span>
    </p>
   </div>
  </div>
 </body>
</html>
