<?xml version="1.0" encoding="UTF-8"?>
<!DOCTYPE html PUBLIC "-//W3C//DTD XHTML 1.0 Transitional//EN"
    "http://www.w3.org/TR/xhtml1/DTD/xhtml1-transitional.dtd">
<html xmlns="http://www.w3.org/1999/xhtml" xml:lang="en" lang="en">
 <head>
  <title>
</title>
<meta http-equiv="Content-Type" content="text/html;charset=utf-8" />
  <meta name='ocr-system' content='tesseract 3.04.00' />
  <meta name='ocr-capabilities' content='ocr_page ocr_carea ocr_par ocr_line ocrx_word'/>
</head>
<body>
  <div class='ocr_page' id='page_1' title='image "./ordericivitalish01ordeuoft_0104.png"; bbox 0 0 1738 3043; ppageno 0'>
   <div class='ocr_carea' id='block_1_1' title="bbox 188 231 1226 272">
    <p class='ocr_par' dir='ltr' id='par_1_1' title="bbox 188 231 1226 272">
     <span class='ocr_line' id='line_1_1' title="bbox 188 231 1226 272; baseline -0.005 0"><span class='ocrx_word' id='word_1_1' title='bbox 188 237 236 272; x_wconf 65' lang='lat'>38</span> <span class='ocrx_word' id='word_1_2' title='bbox 554 232 794 269; x_wconf 75' lang='lat' dir='ltr'>Ills&#39;mmA</span> <span class='ocrx_word' id='word_1_3' title='bbox 825 231 1226 270; x_wconf 73' lang='lat' dir='ltr'>ECCLESIASTICA.</span> 
     </span>
    </p>
   </div>
   <div class='ocr_carea' id='block_1_2' title="bbox 187 310 1626 2778">
    <p class='ocr_par' dir='ltr' id='par_1_2' title="bbox 187 310 1626 2778">
     <span class='ocr_line' id='line_1_2' title="bbox 252 310 1595 376; baseline -0.001 -17"><span class='ocrx_word' id='word_1_4' title='bbox 252 313 426 359; x_wconf 86' lang='lat' dir='ltr'>Omnes</span> <span class='ocrx_word' id='word_1_5' title='bbox 466 319 675 375; x_wconf 84' lang='lat' dir='ltr'>quatuor</span> <span class='ocrx_word' id='word_1_6' title='bbox 712 310 1052 376; x_wconf 80' lang='lat' dir='ltr'>Evangelistae,</span> <span class='ocrx_word' id='word_1_7' title='bbox 1088 311 1209 357; x_wconf 91' lang='lat' dir='ltr'>sicut</span> <span class='ocrx_word' id='word_1_8' title='bbox 1243 311 1290 356; x_wconf 92' lang='lat' dir='ltr'>in</span> <span class='ocrx_word' id='word_1_9' title='bbox 1344 310 1595 368; x_wconf 90' lang='lat' dir='ltr'>omnibus,</span> 
     </span>
     <span class='ocr_line' id='line_1_3' title="bbox 188 387 1596 454; baseline 0.001 -20"><span class='ocrx_word' id='word_1_10' title='bbox 188 407 294 454; x_wconf 70' lang='lat' dir='ltr'>quw</span> <span class='ocrx_word' id='word_1_11' title='bbox 309 388 613 451; x_wconf 87' lang='lat' dir='ltr'>omnipotens</span> <span class='ocrx_word' id='word_1_12' title='bbox 624 388 901 434; x_wconf 74' lang='lat' dir='ltr'>Emmanuel</span> <span class='ocrx_word' id='word_1_13' title='bbox 925 387 1034 433; x_wconf 78' lang='lat' dir='ltr'>feeit</span> <span class='ocrx_word' id='word_1_14' title='bbox 1047 399 1155 434; x_wconf 84' lang='lat' dir='ltr'>ante</span> <span class='ocrx_word' id='word_1_15' title='bbox 1165 388 1432 452; x_wconf 79' lang='lat' dir='ltr'>passionem</span> <span class='ocrx_word' id='word_1_16' title='bbox 1447 406 1596 446; x_wconf 84' lang='lat' dir='ltr'>suam,</span> 
     </span>
     <span class='ocr_line' id='line_1_4' title="bbox 187 464 1603 522; baseline 0.001 -10"><span class='ocrx_word' id='word_1_17' title='bbox 187 468 414 515; x_wconf 68' lang='lat' dir='ltr'>veraciter</span> <span class='ocrx_word' id='word_1_18' title='bbox 458 464 705 512; x_wconf 81' lang='lat' dir='ltr'>referendo</span> <span class='ocrx_word' id='word_1_19' title='bbox 736 465 1059 522; x_wconf 77' lang='lat' dir='ltr'>concordant3</span> <span class='ocrx_word' id='word_1_20' title='bbox 1085 467 1149 511; x_wconf 90' lang='lat' dir='ltr'>sic</span> <span class='ocrx_word' id='word_1_21' title='bbox 1181 465 1492 513; x_wconf 88' lang='lat' dir='ltr'>nihilominus</span> <span class='ocrx_word' id='word_1_22' title='bbox 1523 483 1603 513; x_wconf 83' lang='lat' dir='ltr'>re-</span> 
     </span>
     <span class='ocr_line' id='line_1_5' title="bbox 187 543 1603 607; baseline -0.001 -16"><span class='ocrx_word' id='word_1_23' title='bbox 187 544 532 591; x_wconf 77' lang='lat' dir='ltr'>surrectionem</span> <span class='ocrx_word' id='word_1_24' title='bbox 569 545 664 607; x_wconf 79' lang='lat' dir='ltr'>ejus</span> <span class='ocrx_word' id='word_1_25' title='bbox 698 553 744 590; x_wconf 90' lang='lat' dir='ltr'>et</span> <span class='ocrx_word' id='word_1_26' title='bbox 777 545 1096 590; x_wconf 78' lang='lat' dir='ltr'>ascensionem</span> <span class='ocrx_word' id='word_1_27' title='bbox 1133 543 1436 591; x_wconf 85' lang='lat' dir='ltr'>concorditer</span> <span class='ocrx_word' id='word_1_28' title='bbox 1470 560 1603 590; x_wconf 85' lang='lat' dir='ltr'>enar-</span> 
     </span>
     <span class='ocr_line' id='line_1_6' title="bbox 189 621 1605 686; baseline 0 -19"><span class='ocrx_word' id='word_1_29' title='bbox 189 633 324 678; x_wconf 84' lang='lat' dir='ltr'>rant,</span> <span class='ocrx_word' id='word_1_30' title='bbox 369 621 615 686; x_wconf 83' lang='lat' dir='ltr'>deciesque</span> <span class='ocrx_word' id='word_1_31' title='bbox 661 622 926 668; x_wconf 90' lang='lat' dir='ltr'>Dominum</span> <span class='ocrx_word' id='word_1_32' title='bbox 964 639 987 666; x_wconf 85' lang='lat' dir='ltr'>a</span> <span class='ocrx_word' id='word_1_33' title='bbox 1027 622 1229 667; x_wconf 79' lang='lat' dir='ltr'>mortuis</span> <span class='ocrx_word' id='word_1_34' title='bbox 1278 629 1605 686; x_wconf 81' lang='lat' dir='ltr'>resurgentem</span> 
     </span>
     <span class='ocr_line' id='line_1_7' title="bbox 187 697 1605 747; baseline 0.001 -4"><span class='ocrx_word' id='word_1_35' title='bbox 187 701 340 746; x_wconf 60' lang='lat' dir='ltr'>visum</span> <span class='ocrx_word' id='word_1_36' title='bbox 383 716 477 746; x_wconf 92' lang='lat' dir='ltr'>esse</span> <span class='ocrx_word' id='word_1_37' title='bbox 508 697 567 744; x_wconf 90' lang='lat' dir='ltr'>ab</span> <span class='ocrx_word' id='word_1_38' title='bbox 606 697 881 747; x_wconf 86' lang='lat' dir='ltr'>hominibus</span> <span class='ocrx_word' id='word_1_39' title='bbox 909 708 1304 745; x_wconf 86' lang='lat' dir='ltr'>commemorant.</span> <span class='ocrx_word' id='word_1_40' title='bbox 1355 697 1508 745; x_wconf 91' lang='lat' dir='ltr'>Semel</span> <span class='ocrx_word' id='word_1_41' title='bbox 1548 697 1605 744; x_wconf 83' lang='lat' dir='ltr'>ad</span> 
     </span>
     <span class='ocr_line' id='line_1_8' title="bbox 190 777 1606 825; baseline -0.003 0"><span class='ocrx_word' id='word_1_42' title='bbox 190 787 559 825; x_wconf 78' lang='lat' dir='ltr'>monumentum</span> <span class='ocrx_word' id='word_1_43' title='bbox 588 777 1088 824; x_wconf 77' lang='lat' dir='ltr'>mulielibus.R1nsus</span> <span class='ocrx_word' id='word_1_44' title='bbox 1116 777 1287 824; x_wconf 87' lang='lat' dir='ltr'>eisdem</span> <span class='ocrx_word' id='word_1_45' title='bbox 1319 777 1366 823; x_wconf 90' lang='lat' dir='ltr'>in</span> <span class='ocrx_word' id='word_1_46' title='bbox 1391 777 1562 823; x_wconf 89' lang='lat' dir='ltr'>itinere</span> <span class='ocrx_word' id='word_1_47' title='bbox 1581 793 1606 821; x_wconf 85' lang='lat' dir='ltr'>a</span> 
     </span>
     <span class='ocr_line' id='line_1_9' title="bbox 188 854 1609 919; baseline -0.001 -17"><span class='ocrx_word' id='word_1_48' title='bbox 188 866 506 903; x_wconf 88' lang='lat' dir='ltr'>monumento</span> <span class='ocrx_word' id='word_1_49' title='bbox 531 854 924 920; x_wconf 66' lang='lat' dir='ltr'>iegteilientibus.</span> <span class='ocrx_word' id='word_1_50' title='bbox 954 856 1049 902; x_wconf 86' lang='lat' dir='ltr'>Ter</span> <span class='ocrx_word' id='word_1_51' title='bbox 1055 857 1120 903; x_wconf 91' lang='lat' dir='ltr'>tio</span> <span class='ocrx_word' id='word_1_52' title='bbox 1146 856 1328 901; x_wconf 81' lang='lat' dir='ltr'>Simoni</span> <span class='ocrx_word' id='word_1_53' title='bbox 1366 855 1509 902; x_wconf 85' lang='lat' dir='ltr'>Petro</span> <span class='ocrx_word' id='word_1_54' title='bbox 1532 871 1609 919; x_wconf 85' lang='lat' dir='ltr'>ap-</span> 
     </span>
     <span class='ocr_line' id='line_1_10' title="bbox 191 930 1610 997; baseline -0.001 -19"><span class='ocrx_word' id='word_1_55' title='bbox 191 933 376 997; x_wconf 79' lang='lat' dir='ltr'>paruit3</span> <span class='ocrx_word' id='word_1_56' title='bbox 398 932 526 997; x_wconf 84' lang='lat' dir='ltr'>quod</span> <span class='ocrx_word' id='word_1_57' title='bbox 552 933 587 977; x_wconf 91' lang='lat' dir='ltr'>si</span> <span class='ocrx_word' id='word_1_58' title='bbox 617 932 911 996; x_wconf 67' lang='lat' dir='ltr'>Exangelista</span> <span class='ocrx_word' id='word_1_59' title='bbox 932 932 1124 997; x_wconf 89' lang='lat' dir='ltr'>quando</span> <span class='ocrx_word' id='word_1_60' title='bbox 1148 931 1221 978; x_wconf 62' lang='lat' dir='ltr'>xel</span> <span class='ocrx_word' id='word_1_61' title='bbox 1241 930 1321 977; x_wconf 87' lang='lat' dir='ltr'>ubi</span> <span class='ocrx_word' id='word_1_62' title='bbox 1343 931 1523 977; x_wconf 87' lang='lat' dir='ltr'>sactum</span> <span class='ocrx_word' id='word_1_63' title='bbox 1549 930 1610 976; x_wconf 90' lang='lat' dir='ltr'>sit</span> 
     </span>
     <span class='ocr_line' id='line_1_11' title="bbox 192 1007 1612 1074; baseline -0.001 -18"><span class='ocrx_word' id='word_1_64' title='bbox 192 1028 289 1057; x_wconf 91' lang='lat' dir='ltr'>non</span> <span class='ocrx_word' id='word_1_65' title='bbox 323 1010 664 1073; x_wconf 35' lang='lat' dir='ltr'>designwuelit,</span> <span class='ocrx_word' id='word_1_66' title='bbox 698 1020 853 1055; x_wconf 76' lang='lat' dir='ltr'>tamen</span> <span class='ocrx_word' id='word_1_67' title='bbox 879 1011 986 1074; x_wconf 87' lang='lat' dir='ltr'>quia</span> <span class='ocrx_word' id='word_1_68' title='bbox 1023 1009 1200 1055; x_wconf 80' lang='lat' dir='ltr'>factum</span> <span class='ocrx_word' id='word_1_69' title='bbox 1226 1010 1285 1054; x_wconf 90' lang='lat' dir='ltr'>sit</span> <span class='ocrx_word' id='word_1_70' title='bbox 1320 1008 1503 1074; x_wconf 88' lang='lat' dir='ltr'>liquido</span> <span class='ocrx_word' id='word_1_71' title='bbox 1525 1007 1612 1055; x_wconf 90' lang='lat' dir='ltr'>de-</span> 
     </span>
     <span class='ocr_line' id='line_1_12' title="bbox 194 1084 1607 1146; baseline 0.001 -16.001"><span class='ocrx_word' id='word_1_72' title='bbox 194 1086 376 1133; x_wconf 55' lang='lat' dir='ltr'>=scribit</span> <span class='ocrx_word' id='word_1_73' title='bbox 397 1086 579 1146; x_wconf 86' lang='lat' dir='ltr'>Quarto</span> <span class='ocrx_word' id='word_1_74' title='bbox 594 1086 807 1132; x_wconf 86' lang='lat' dir='ltr'>duobus</span> <span class='ocrx_word' id='word_1_75' title='bbox 800 1104 845 1132; x_wconf 80' lang='lat' dir='ltr'>in</span> <span class='ocrx_word' id='word_1_76' title='bbox 863 1086 1104 1133; x_wconf 84' lang='lat' dir='ltr'>castellum</span> <span class='ocrx_word' id='word_1_77' title='bbox 1125 1088 1348 1133; x_wconf 86' lang='lat' dir='ltr'>Emmaus</span> <span class='ocrx_word' id='word_1_78' title='bbox 1365 1084 1607 1142; x_wconf 86' lang='lat' dir='ltr'>euntibus,</span> 
     </span>
     <span class='ocr_line' id='line_1_13' title="bbox 196 1163 1614 1227; baseline 0.001 -19"><span class='ocrx_word' id='word_1_79' title='bbox 196 1165 244 1210; x_wconf 90' lang='lat' dir='ltr'>in</span> <span class='ocrx_word' id='word_1_80' title='bbox 270 1164 356 1210; x_wconf 83' lang='lat' dir='ltr'>alia</span> <span class='ocrx_word' id='word_1_81' title='bbox 382 1164 558 1227; x_wconf 83' lang='lat' dir='ltr'>effigie,</span> <span class='ocrx_word' id='word_1_82' title='bbox 595 1180 654 1209; x_wconf 88' lang='lat' dir='ltr'>ne</span> <span class='ocrx_word' id='word_1_83' title='bbox 688 1173 1072 1227; x_wconf 76' lang='lat' dir='ltr'>cognosceretul,</span> <span class='ocrx_word' id='word_1_84' title='bbox 1115 1163 1359 1227; x_wconf 83' lang='lat' dir='ltr'>apparuit;</span> <span class='ocrx_word' id='word_1_85' title='bbox 1396 1173 1449 1209; x_wconf 88' lang='lat' dir='ltr'>ut</span> <span class='ocrx_word' id='word_1_86' title='bbox 1473 1179 1614 1226; x_wconf 77' lang='lat' dir='ltr'>pele-</span> 
     </span>
     <span class='ocr_line' id='line_1_14' title="bbox 195 1240 1615 1306; baseline -0.001 -18"><span class='ocrx_word' id='word_1_87' title='bbox 195 1243 359 1305; x_wconf 76' lang='lat' dir='ltr'>grinus</span> <span class='ocrx_word' id='word_1_88' title='bbox 389 1241 452 1288; x_wconf 89' lang='lat' dir='ltr'>eis</span> <span class='ocrx_word' id='word_1_89' title='bbox 483 1240 530 1286; x_wconf 91' lang='lat' dir='ltr'>in</span> <span class='ocrx_word' id='word_1_90' title='bbox 554 1241 626 1285; x_wconf 75' lang='lat' dir='ltr'>via</span> <span class='ocrx_word' id='word_1_91' title='bbox 655 1241 936 1298; x_wconf 81' lang='lat' dir='ltr'>comitatus,</span> <span class='ocrx_word' id='word_1_92' title='bbox 965 1241 1173 1287; x_wconf 83' lang='lat' dir='ltr'>tristitiae</span> <span class='ocrx_word' id='word_1_93' title='bbox 1205 1240 1615 1306; x_wconf 73' lang='lat' dir='ltr'>querimoniaeque</span> 
     </span>
     <span class='ocr_line' id='line_1_15' title="bbox 199 1318 1616 1383; baseline 0 -18"><span class='ocrx_word' id='word_1_94' title='bbox 199 1336 382 1365; x_wconf 85' lang='lat' dir='ltr'>eausam</span> <span class='ocrx_word' id='word_1_95' title='bbox 418 1318 693 1382; x_wconf 82' lang='lat' dir='ltr'>inquisivit3</span> <span class='ocrx_word' id='word_1_96' title='bbox 722 1318 980 1383; x_wconf 84' lang='lat' dir='ltr'>auditoque</span> <span class='ocrx_word' id='word_1_97' title='bbox 1017 1337 1040 1364; x_wconf 89' lang='lat' dir='ltr'>a</span> <span class='ocrx_word' id='word_1_98' title='bbox 1076 1318 1279 1383; x_wconf 79' lang='lat' dir='ltr'>Cleopha</span> <span class='ocrx_word' id='word_1_99' title='bbox 1313 1319 1524 1366; x_wconf 84' lang='lat' dir='ltr'>lamento</span> <span class='ocrx_word' id='word_1_100' title='bbox 1558 1318 1616 1365; x_wconf 89' lang='lat' dir='ltr'>de</span> 
     </span>
     <span class='ocr_line' id='line_1_16' title="bbox 198 1396 1617 1460; baseline 0.001 -18"><span class='ocrx_word' id='word_1_101' title='bbox 198 1398 307 1443; x_wconf 89' lang='lat' dir='ltr'>Jesu</span> <span class='ocrx_word' id='word_1_102' title='bbox 321 1396 588 1451; x_wconf 81' lang='lat' dir='ltr'>Nazareno,</span> <span class='ocrx_word' id='word_1_103' title='bbox 616 1396 696 1460; x_wconf 88' lang='lat' dir='ltr'>qui</span> <span class='ocrx_word' id='word_1_104' title='bbox 722 1396 816 1441; x_wconf 87' lang='lat' dir='ltr'>suit</span> <span class='ocrx_word' id='word_1_105' title='bbox 835 1397 908 1441; x_wconf 86' lang='lat' dir='ltr'>vir</span> <span class='ocrx_word' id='word_1_106' title='bbox 930 1396 1161 1460; x_wconf 85' lang='lat' dir='ltr'>propheta</span> <span class='ocrx_word' id='word_1_107' title='bbox 1176 1433 1188 1453; x_wconf 91' lang='lat'>,</span> <span class='ocrx_word' id='word_1_108' title='bbox 1219 1406 1388 1460; x_wconf 91' lang='lat' dir='ltr'>potens</span> <span class='ocrx_word' id='word_1_109' title='bbox 1408 1397 1456 1442; x_wconf 90' lang='lat' dir='ltr'>in</span> <span class='ocrx_word' id='word_1_110' title='bbox 1475 1413 1617 1460; x_wconf 81' lang='lat' dir='ltr'>opere</span> 
     </span>
     <span class='ocr_line' id='line_1_17' title="bbox 203 1472 1618 1537; baseline 0.001 -18"><span class='ocrx_word' id='word_1_111' title='bbox 203 1484 250 1519; x_wconf 86' lang='lat' dir='ltr'>et</span> <span class='ocrx_word' id='word_1_112' title='bbox 275 1490 493 1519; x_wconf 88' lang='lat' dir='ltr'>sermone</span> <span class='ocrx_word' id='word_1_113' title='bbox 519 1489 678 1518; x_wconf 84' lang='lat' dir='ltr'>coram</span> <span class='ocrx_word' id='word_1_114' title='bbox 697 1472 797 1518; x_wconf 89' lang='lat' dir='ltr'>Deo</span> <span class='ocrx_word' id='word_1_115' title='bbox 821 1483 868 1518; x_wconf 84' lang='lat' dir='ltr'>et</span> <span class='ocrx_word' id='word_1_116' title='bbox 891 1474 1023 1519; x_wconf 90' lang='lat' dir='ltr'>omni</span> <span class='ocrx_word' id='word_1_117' title='bbox 1044 1473 1250 1537; x_wconf 90' lang='lat' dir='ltr'>populo,</span> <span class='ocrx_word' id='word_1_118' title='bbox 1277 1483 1324 1519; x_wconf 87' lang='lat' dir='ltr'>et</span> <span class='ocrx_word' id='word_1_119' title='bbox 1342 1473 1399 1519; x_wconf 87' lang='lat' dir='ltr'>de</span> <span class='ocrx_word' id='word_1_120' title='bbox 1423 1472 1618 1520; x_wconf 84' lang='lat' dir='ltr'>damna-</span> 
     </span>
     <span class='ocr_line' id='line_1_18' title="bbox 203 1550 1619 1615; baseline 0.002 -20"><span class='ocrx_word' id='word_1_121' title='bbox 203 1551 335 1597; x_wconf 85' lang='lat' dir='ltr'>tione</span> <span class='ocrx_word' id='word_1_122' title='bbox 353 1553 478 1614; x_wconf 91' lang='lat' dir='ltr'>ejus,</span> <span class='ocrx_word' id='word_1_123' title='bbox 506 1567 584 1596; x_wconf 86' lang='lat' dir='ltr'>eos</span> <span class='ocrx_word' id='word_1_124' title='bbox 624 1550 700 1613; x_wconf 90' lang='lat' dir='ltr'>pie</span> <span class='ocrx_word' id='word_1_125' title='bbox 736 1550 1027 1613; x_wconf 84' lang='lat' dir='ltr'>increpavit;</span> <span class='ocrx_word' id='word_1_126' title='bbox 1061 1551 1291 1614; x_wconf 81' lang='lat' dir='ltr'>incipiens</span> <span class='ocrx_word' id='word_1_127' title='bbox 1316 1568 1340 1596; x_wconf 88' lang='lat' dir='ltr'>a</span> <span class='ocrx_word' id='word_1_128' title='bbox 1368 1550 1536 1615; x_wconf 89' lang='lat' dir='ltr'>Moyse</span> <span class='ocrx_word' id='word_1_129' title='bbox 1572 1561 1619 1598; x_wconf 82' lang='lat' dir='ltr'>et</span> 
     </span>
     <span class='ocr_line' id='line_1_19' title="bbox 203 1627 1620 1694; baseline 0 -19"><span class='ocrx_word' id='word_1_130' title='bbox 203 1628 425 1675; x_wconf 88' lang='lat' dir='ltr'>omnibus</span> <span class='ocrx_word' id='word_1_131' title='bbox 454 1627 701 1692; x_wconf 84' lang='lat' dir='ltr'>prophetis</span> <span class='ocrx_word' id='word_1_132' title='bbox 734 1629 988 1692; x_wconf 83' lang='lat' dir='ltr'>scripturas</span> <span class='ocrx_word' id='word_1_133' title='bbox 1023 1628 1315 1692; x_wconf 77' lang='lat' dir='ltr'>explanavit,</span> <span class='ocrx_word' id='word_1_134' title='bbox 1349 1637 1620 1694; x_wconf 82' lang='lat' dir='ltr'>tractusque</span> 
     </span>
     <span class='ocr_line' id='line_1_20' title="bbox 203 1704 1620 1770; baseline 0 -19"><span class='ocrx_word' id='word_1_135' title='bbox 203 1706 259 1752; x_wconf 80' lang='lat' dir='ltr'>nd</span> <span class='ocrx_word' id='word_1_136' title='bbox 291 1705 551 1769; x_wconf 88' lang='lat' dir='ltr'>hospitium</span> <span class='ocrx_word' id='word_1_137' title='bbox 586 1722 694 1751; x_wconf 89' lang='lat' dir='ltr'>cum</span> <span class='ocrx_word' id='word_1_138' title='bbox 731 1705 794 1752; x_wconf 91' lang='lat' dir='ltr'>eis</span> <span class='ocrx_word' id='word_1_139' title='bbox 824 1704 1070 1765; x_wconf 78' lang='lat' dir='ltr'>recubuit,</span> <span class='ocrx_word' id='word_1_140' title='bbox 1101 1706 1148 1751; x_wconf 91' lang='lat' dir='ltr'>in</span> <span class='ocrx_word' id='word_1_141' title='bbox 1183 1705 1405 1752; x_wconf 82' lang='lat' dir='ltr'>convivio</span> <span class='ocrx_word' id='word_1_142' title='bbox 1447 1723 1620 1770; x_wconf 86' lang='lat' dir='ltr'>panem</span> 
     </span>
     <span class='ocr_line' id='line_1_21' title="bbox 205 1781 1620 1847; baseline 0 -18"><span class='ocrx_word' id='word_1_143' title='bbox 205 1784 409 1847; x_wconf 80' lang='lat' dir='ltr'>accepit,</span> <span class='ocrx_word' id='word_1_144' title='bbox 437 1781 704 1838; x_wconf 87' lang='lat' dir='ltr'>benedixit,</span> <span class='ocrx_word' id='word_1_145' title='bbox 732 1781 875 1847; x_wconf 77' lang='lat' dir='ltr'>fregit</span> <span class='ocrx_word' id='word_1_146' title='bbox 892 1816 906 1839; x_wconf 87' lang='lat'>,</span> <span class='ocrx_word' id='word_1_147' title='bbox 931 1783 1173 1847; x_wconf 79' lang='lat' dir='ltr'>porrexit,</span> <span class='ocrx_word' id='word_1_148' title='bbox 1203 1794 1250 1830; x_wconf 90' lang='lat' dir='ltr'>et</span> <span class='ocrx_word' id='word_1_149' title='bbox 1269 1783 1433 1831; x_wconf 91' lang='lat' dir='ltr'>oculos</span> <span class='ocrx_word' id='word_1_150' title='bbox 1455 1800 1620 1830; x_wconf 90' lang='lat' dir='ltr'>eorum</span> 
     </span>
     <span class='ocr_line' id='line_1_22' title="bbox 208 1861 1622 1926; baseline 0.001 -20"><span class='ocrx_word' id='word_1_151' title='bbox 208 1863 255 1907; x_wconf 86' lang='lat' dir='ltr'>in</span> <span class='ocrx_word' id='word_1_152' title='bbox 281 1862 514 1907; x_wconf 86' lang='lat' dir='ltr'>fractione</span> <span class='ocrx_word' id='word_1_153' title='bbox 532 1861 663 1924; x_wconf 87' lang='lat' dir='ltr'>panis</span> <span class='ocrx_word' id='word_1_154' title='bbox 694 1861 750 1908; x_wconf 87' lang='lat' dir='ltr'>ad</span> <span class='ocrx_word' id='word_1_155' title='bbox 775 1861 1126 1926; x_wconf 79' lang='lat' dir='ltr'>agnoscendum</span> <span class='ocrx_word' id='word_1_156' title='bbox 1149 1879 1196 1909; x_wconf 89' lang='lat' dir='ltr'>se</span> <span class='ocrx_word' id='word_1_157' title='bbox 1212 1862 1424 1926; x_wconf 84' lang='lat' dir='ltr'>aperuit,</span> <span class='ocrx_word' id='word_1_158' title='bbox 1453 1862 1622 1926; x_wconf 82' lang='lat' dir='ltr'>cogni-</span> 
     </span>
     <span class='ocr_line' id='line_1_23' title="bbox 209 1938 1624 2003; baseline 0 -19"><span class='ocrx_word' id='word_1_159' title='bbox 209 1951 378 2003; x_wconf 83' lang='lat' dir='ltr'>tusque</span> <span class='ocrx_word' id='word_1_160' title='bbox 412 1956 526 1985; x_wconf 90' lang='lat' dir='ltr'>mox</span> <span class='ocrx_word' id='word_1_161' title='bbox 558 1957 613 1985; x_wconf 86' lang='lat' dir='ltr'>ex</span> <span class='ocrx_word' id='word_1_162' title='bbox 638 1939 788 1986; x_wconf 85' lang='lat' dir='ltr'>oculis</span> <span class='ocrx_word' id='word_1_163' title='bbox 819 1957 987 1987; x_wconf 82' lang='lat' dir='ltr'>eorum</span> <span class='ocrx_word' id='word_1_164' title='bbox 1011 1939 1218 1985; x_wconf 85' lang='lat' dir='ltr'>evanuit.</span> <span class='ocrx_word' id='word_1_165' title='bbox 1246 1939 1433 2002; x_wconf 88' lang='lat' dir='ltr'>Quinto</span> <span class='ocrx_word' id='word_1_166' title='bbox 1467 1938 1624 2003; x_wconf 84' lang='lat' dir='ltr'>pluri-</span> 
     </span>
     <span class='ocr_line' id='line_1_24' title="bbox 212 2015 1619 2080; baseline -0.001 -19"><span class='ocrx_word' id='word_1_167' title='bbox 212 2015 298 2061; x_wconf 85' lang='lat' dir='ltr'>bus</span> <span class='ocrx_word' id='word_1_168' title='bbox 338 2016 384 2061; x_wconf 91' lang='lat' dir='ltr'>in</span> <span class='ocrx_word' id='word_1_169' title='bbox 422 2015 704 2072; x_wconf 75' lang='lat' dir='ltr'>Jerusalem,</span> <span class='ocrx_word' id='word_1_170' title='bbox 744 2026 798 2062; x_wconf 88' lang='lat' dir='ltr'>ut</span> <span class='ocrx_word' id='word_1_171' title='bbox 837 2017 984 2062; x_wconf 80' lang='lat' dir='ltr'>Lucas</span> <span class='ocrx_word' id='word_1_172' title='bbox 1009 2027 1055 2063; x_wconf 91' lang='lat' dir='ltr'>et</span> <span class='ocrx_word' id='word_1_173' title='bbox 1093 2017 1298 2063; x_wconf 84' lang='lat' dir='ltr'>Joannes</span> <span class='ocrx_word' id='word_1_174' title='bbox 1334 2015 1619 2080; x_wconf 88' lang='lat' dir='ltr'>perhibent,</span> 
     </span>
     <span class='ocr_line' id='line_1_25' title="bbox 211 2092 1622 2157; baseline -0.001 -19"><span class='ocrx_word' id='word_1_175' title='bbox 211 2110 315 2139; x_wconf 80' lang='lat' dir='ltr'>sero</span> <span class='ocrx_word' id='word_1_176' title='bbox 341 2093 634 2157; x_wconf 79' lang='lat' dir='ltr'>congregatis</span> <span class='ocrx_word' id='word_1_177' title='bbox 651 2128 665 2149; x_wconf 92' lang='lat'>,</span> <span class='ocrx_word' id='word_1_178' title='bbox 691 2093 772 2138; x_wconf 89' lang='lat' dir='ltr'>ubi</span> <span class='ocrx_word' id='word_1_179' title='bbox 801 2110 900 2139; x_wconf 90' lang='lat' dir='ltr'>non</span> <span class='ocrx_word' id='word_1_180' title='bbox 924 2103 1024 2140; x_wconf 84' lang='lat' dir='ltr'>erat</span> <span class='ocrx_word' id='word_1_181' title='bbox 1048 2092 1254 2140; x_wconf 87' lang='lat' dir='ltr'>Thomas</span> <span class='ocrx_word' id='word_1_182' title='bbox 1270 2128 1283 2149; x_wconf 96' lang='lat'>,</span> <span class='ocrx_word' id='word_1_183' title='bbox 1310 2094 1440 2139; x_wconf 88' lang='lat' dir='ltr'>Jesus</span> <span class='ocrx_word' id='word_1_184' title='bbox 1464 2092 1622 2156; x_wconf 84' lang='lat' dir='ltr'>januis</span> 
     </span>
     <span class='ocr_line' id='line_1_26' title="bbox 213 2169 1625 2233; baseline 0.001 -17"><span class='ocrx_word' id='word_1_185' title='bbox 213 2171 377 2216; x_wconf 83' lang='lat' dir='ltr'>clausis</span> <span class='ocrx_word' id='word_1_186' title='bbox 414 2171 634 2225; x_wconf 85' lang='lat' dir='ltr'>intravit,</span> <span class='ocrx_word' id='word_1_187' title='bbox 660 2188 826 2216; x_wconf 85' lang='lat' dir='ltr'>manus</span> <span class='ocrx_word' id='word_1_188' title='bbox 853 2180 899 2216; x_wconf 86' lang='lat' dir='ltr'>et</span> <span class='ocrx_word' id='word_1_189' title='bbox 925 2170 1042 2216; x_wconf 79' lang='lat' dir='ltr'>latus</span> <span class='ocrx_word' id='word_1_190' title='bbox 1067 2171 1131 2216; x_wconf 86' lang='lat' dir='ltr'>eis</span> <span class='ocrx_word' id='word_1_191' title='bbox 1151 2169 1387 2226; x_wconf 85' lang='lat' dir='ltr'>ostendit,</span> <span class='ocrx_word' id='word_1_192' title='bbox 1412 2179 1625 2233; x_wconf 68' lang='lat' dir='ltr'>partem-⁹</span> 
     </span>
     <span class='ocr_line' id='line_1_27' title="bbox 212 2245 1622 2311; baseline 0.001 -19"><span class='ocrx_word' id='word_1_193' title='bbox 212 2265 303 2311; x_wconf 83' lang='lat' dir='ltr'>que</span> <span class='ocrx_word' id='word_1_194' title='bbox 330 2247 469 2309; x_wconf 91' lang='lat' dir='ltr'>piscis</span> <span class='ocrx_word' id='word_1_195' title='bbox 488 2247 601 2301; x_wconf 89' lang='lat' dir='ltr'>assi,</span> <span class='ocrx_word' id='word_1_196' title='bbox 628 2257 675 2292; x_wconf 88' lang='lat' dir='ltr'>et</span> <span class='ocrx_word' id='word_1_197' title='bbox 696 2246 853 2291; x_wconf 86' lang='lat' dir='ltr'>savum</span> <span class='ocrx_word' id='word_1_198' title='bbox 872 2247 1024 2292; x_wconf 89' lang='lat' dir='ltr'>mellis</span> <span class='ocrx_word' id='word_1_199' title='bbox 1045 2263 1202 2293; x_wconf 84' lang='lat' dir='ltr'>coram</span> <span class='ocrx_word' id='word_1_200' title='bbox 1223 2247 1286 2293; x_wconf 93' lang='lat' dir='ltr'>eis</span> <span class='ocrx_word' id='word_1_201' title='bbox 1304 2245 1622 2304; x_wconf 81' lang='lat' dir='ltr'>manducavit,</span> 
     </span>
     <span class='ocr_line' id='line_1_28' title="bbox 215 2322 1624 2389; baseline 0.001 -20"><span class='ocrx_word' id='word_1_202' title='bbox 215 2323 491 2379; x_wconf 79' lang='lat' dir='ltr'>insufflavit,</span> <span class='ocrx_word' id='word_1_203' title='bbox 518 2333 564 2368; x_wconf 88' lang='lat' dir='ltr'>et</span> <span class='ocrx_word' id='word_1_204' title='bbox 582 2322 702 2369; x_wconf 85' lang='lat' dir='ltr'>dixit</span> <span class='ocrx_word' id='word_1_205' title='bbox 726 2323 789 2368; x_wconf 87' lang='lat' dir='ltr'>eis</span> <span class='ocrx_word' id='word_1_206' title='bbox 810 2343 820 2368; x_wconf 75' lang='grc' dir='ltr'>ε</span> <span class='ocrx_word' id='word_1_207' title='bbox 848 2324 1071 2388; x_wconf 76' lang='lat' dir='ltr'>Accipite</span> <span class='ocrx_word' id='word_1_208' title='bbox 1096 2323 1325 2389; x_wconf 73' lang='lat' dir='ltr'>Spiritum</span> <span class='ocrx_word' id='word_1_209' title='bbox 1359 2324 1624 2380; x_wconf 74' lang='lat' dir='ltr'>Sanctam,-</span> 
     </span>
     <span class='ocr_line' id='line_1_29' title="bbox 214 2400 1625 2464; baseline 0 -17"><span class='ocrx_word' id='word_1_210' title='bbox 214 2411 260 2448; x_wconf 87' lang='lat' dir='ltr'>et</span> <span class='ocrx_word' id='word_1_211' title='bbox 283 2412 467 2447; x_wconf 75' lang='lat' dir='ltr'>caetera.</span> <span class='ocrx_word' id='word_1_212' title='bbox 498 2401 640 2447; x_wconf 83' lang='lat' dir='ltr'>Sexto</span> <span class='ocrx_word' id='word_1_213' title='bbox 670 2410 778 2464; x_wconf 88' lang='lat' dir='ltr'>post</span> <span class='ocrx_word' id='word_1_214' title='bbox 802 2400 897 2447; x_wconf 90' lang='lat' dir='ltr'>dies</span> <span class='ocrx_word' id='word_1_215' title='bbox 924 2411 1064 2459; x_wconf 89' lang='lat' dir='ltr'>octo,</span> <span class='ocrx_word' id='word_1_216' title='bbox 1100 2401 1181 2447; x_wconf 89' lang='lat' dir='ltr'>ubi</span> <span class='ocrx_word' id='word_1_217' title='bbox 1208 2401 1326 2447; x_wconf 83' lang='lat' dir='ltr'>vidit</span> <span class='ocrx_word' id='word_1_218' title='bbox 1356 2419 1465 2448; x_wconf 93' lang='lat' dir='ltr'>eum</span> <span class='ocrx_word' id='word_1_219' title='bbox 1488 2400 1625 2448; x_wconf 85' lang='lat' dir='ltr'>Tho-</span> 
     </span>
     <span class='ocr_line' id='line_1_30' title="bbox 214 2476 1625 2542; baseline 0 -18"><span class='ocrx_word' id='word_1_220' title='bbox 214 2496 336 2532; x_wconf 84' lang='lat' dir='ltr'>mas,</span> <span class='ocrx_word' id='word_1_221' title='bbox 365 2487 410 2523; x_wconf 87' lang='lat' dir='ltr'>et</span> <span class='ocrx_word' id='word_1_222' title='bbox 433 2476 577 2522; x_wconf 79' lang='lat' dir='ltr'>dixit:</span> <span class='ocrx_word' id='word_1_223' title='bbox 598 2478 832 2524; x_wconf 78' lang='lat' dir='ltr'>Dominus</span> <span class='ocrx_word' id='word_1_224' title='bbox 852 2496 1007 2536; x_wconf 73' lang='lat' dir='ltr'>meas,</span> <span class='ocrx_word' id='word_1_225' title='bbox 1031 2490 1074 2524; x_wconf 85' lang='lat' dir='ltr'>et</span> <span class='ocrx_word' id='word_1_226' title='bbox 1090 2480 1222 2525; x_wconf 65' lang='lat' dir='ltr'>Deae</span> <span class='ocrx_word' id='word_1_227' title='bbox 1242 2497 1389 2526; x_wconf 78' lang='lat' dir='ltr'>meus.</span> <span class='ocrx_word' id='word_1_228' title='bbox 1413 2479 1625 2542; x_wconf 89' lang='lat' dir='ltr'>Septimo</span> 
     </span>
     <span class='ocr_line' id='line_1_31' title="bbox 215 2553 1625 2620; baseline 0 -18"><span class='ocrx_word' id='word_1_229' title='bbox 215 2554 272 2602; x_wconf 83' lang='lat' dir='ltr'>ad</span> <span class='ocrx_word' id='word_1_230' title='bbox 283 2571 410 2599; x_wconf 84' lang='lat' dir='ltr'>mare</span> <span class='ocrx_word' id='word_1_231' title='bbox 430 2553 692 2600; x_wconf 82' lang='lat' dir='ltr'>Tiberiadis</span> <span class='ocrx_word' id='word_1_232' title='bbox 709 2590 721 2609; x_wconf 93' lang='lat'>,</span> <span class='ocrx_word' id='word_1_233' title='bbox 740 2554 818 2600; x_wconf 88' lang='lat' dir='ltr'>ubi</span> <span class='ocrx_word' id='word_1_234' title='bbox 841 2567 1019 2620; x_wconf 87' lang='lat' dir='ltr'>septem</span> <span class='ocrx_word' id='word_1_235' title='bbox 1036 2556 1251 2620; x_wconf 86' lang='lat' dir='ltr'>discipuli</span> <span class='ocrx_word' id='word_1_236' title='bbox 1273 2557 1502 2620; x_wconf 87' lang='lat' dir='ltr'>piscantes</span> <span class='ocrx_word' id='word_1_237' title='bbox 1516 2572 1625 2602; x_wconf 90' lang='lat' dir='ltr'>eum</span> 
     </span>
     <span class='ocr_line' id='line_1_32' title="bbox 218 2631 1626 2697; baseline 0 -18"><span class='ocrx_word' id='word_1_238' title='bbox 218 2641 326 2697; x_wconf 90' lang='lat' dir='ltr'>post</span> <span class='ocrx_word' id='word_1_239' title='bbox 343 2641 635 2677; x_wconf 85' lang='lat' dir='ltr'>nocturnum</span> <span class='ocrx_word' id='word_1_240' title='bbox 664 2631 874 2680; x_wconf 80' lang='lat' dir='ltr'>laborem</span> <span class='ocrx_word' id='word_1_241' title='bbox 894 2651 1029 2680; x_wconf 86' lang='lat' dir='ltr'>mane</span> <span class='ocrx_word' id='word_1_242' title='bbox 1053 2633 1302 2692; x_wconf 81' lang='lat' dir='ltr'>viderunt,</span> <span class='ocrx_word' id='word_1_243' title='bbox 1333 2642 1379 2679; x_wconf 90' lang='lat' dir='ltr'>et</span> <span class='ocrx_word' id='word_1_244' title='bbox 1405 2649 1512 2678; x_wconf 93' lang='lat' dir='ltr'>cum</span> <span class='ocrx_word' id='word_1_245' title='bbox 1542 2632 1626 2680; x_wconf 88' lang='lat' dir='ltr'>illo</span> 
     </span>
     <span class='ocr_line' id='line_1_33' title="bbox 221 2710 1622 2778; baseline 0 -21"><span class='ocrx_word' id='word_1_246' title='bbox 221 2719 324 2778; x_wconf 83' lang='lat' dir='ltr'>post</span> <span class='ocrx_word' id='word_1_247' title='bbox 341 2710 508 2756; x_wconf 82' lang='lat' dir='ltr'>miram</span> <span class='ocrx_word' id='word_1_248' title='bbox 529 2727 638 2756; x_wconf 63' lang='lat' dir='ltr'>cnm</span> <span class='ocrx_word' id='word_1_249' title='bbox 656 2711 855 2774; x_wconf 88' lang='lat' dir='ltr'>piscium</span> <span class='ocrx_word' id='word_1_250' title='bbox 871 2723 1111 2776; x_wconf 83' lang='lat' dir='ltr'>capturam</span> <span class='ocrx_word' id='word_1_251' title='bbox 1126 2728 1294 2774; x_wconf 82' lang='lat' dir='ltr'>panem</span> <span class='ocrx_word' id='word_1_252' title='bbox 1315 2720 1361 2757; x_wconf 90' lang='lat' dir='ltr'>et</span> <span class='ocrx_word' id='word_1_253' title='bbox 1383 2710 1556 2773; x_wconf 89' lang='lat' dir='ltr'>piscem</span> <span class='ocrx_word' id='word_1_254' title='bbox 1575 2711 1622 2761; x_wconf 81' lang='lat' dir='ltr'>in</span> 
     </span>
    </p>
   </div>
  </div>
 </body>
</html>
