1738 3043
638 170 792 209 LIBER
820 170 1101 211 SECUNDUS.
1505 173 1582 213 447

160 251 353 317 quidam
378 252 574 299 nomine
607 251 879 298 Artavastus
913 251 1166 316 imperium
1190 250 1360 298 furtim
1394 254 1582 318 invasit.

160 329 505 377 Constantinus
543 346 656 376 vero
692 328 954 376 exercitum
995 329 1205 376 Orientis
1245 332 1582 395 congregavit,

159 407 329 455 urbem
364 408 542 472 regiam
573 407 776 454 viriliter
800 425 1074 473 expugnans
1099 409 1247 473 cepit,
1282 419 1328 456 et
1359 408 1586 458 rebellem

160 502 268 532 cum
287 486 381 532 suis
405 485 719 549 complicibus
736 485 886 532 oculis
907 487 1128 550 privavit.
1153 488 1291 534 Tunc
1309 488 1585 536 Karloman-

158 581 275 620 nus,
299 563 463 610 Karoli
491 563 695 610 Martelli
715 563 1013 612 Francorum
1039 564 1161 628 regis
1181 564 1323 622 lilius,
1348 565 1396 612 in
1417 577 1582 614 monte

158 641 351 688 Cassino
384 639 644 688 monachus
676 639 826 687 factus
851 652 937 688 est.
972 641 1221 688 Ratchisus
1253 660 1445 708 quoque
1469 662 1579 703 rex,

157 718 382 794 hogtante
411 737 554 783 papa,
588 719 790 765 Romam
816 719 972 776 venit,
1011 730 1230 785 nutuque
1255 721 1340 768 Dei
1365 721 1581 786 deposito

155 796 417 844 diademate
439 797 572 862 regni
605 795 866 844 monachus
899 796 1050 843 factus
1083 807 1168 845 cst.
1194 797 1439 845 Zacharias
1465 818 1583 865 papa

158 891 206 923 lv
234 874 384 923 libros
403 875 704 940 dialogorum
726 874 851 921 beati
876 874 1096 940 Gregorii
1119 893 1253 940 papae
1280 875 1337 923 de
1356 876 1507 925 latino
1532 878 1580 924 in

154 970 364 1019 graeeum
387 954 656 1010 transtulit,
682 964 730 1001 et
746 970 912 1000 Lxxxv
931 955 1175 1019 episcopos
1192 954 1449 1002 ordinavit.
1472 956 1580 1003 Idus

155 1048 271 1079 vero
290 1032 449 1078 martii
469 1031 525 1078 ad
544 1030 737 1078 beatum
756 1031 951 1078 Petrum
971 1031 1240 1097 apostolum
1257 1033 1468 1098 sepultus
1485 1043 1577 1090 est,

156 1121 203 1157 et
226 1110 421 1157 cessavit
444 1110 740 1174 episcopatus
762 1109 928 1158 diebus
952 1127 1022 1158 xli
1045 1111 1139 1175 (1).

219 1187 487 1252 Stephanus
518 1188 787 1246 Romanus,
824 1207 881 1236 ex
913 1199 1047 1253 patre
1081 1189 1429 1247 Constantino,
1462 1189 1582 1237 sedit

153 1265 291 1313 annis
322 1283 352 1313 v
384 1264 550 1313 diebus
583 1282 757 1313 xxvffl.
797 1267 936 1314 Tunc
969 1266 1235 1332 Stephanus
1270 1267 1530 1334 presbyten
1557 1287 1581 1316 a

152 1344 336 1410 populo
364 1344 539 1392 electus
561 1343 673 1391 fuit.
706 1345 796 1392 Sed
825 1345 967 1393 tertio
995 1345 1070 1393 die
1094 1345 1209 1392 dum
1230 1363 1252 1391 a
1279 1363 1450 1393 somno
1474 1364 1581 1393 sur-

153 1423 376 1479 rexisset,
415 1433 461 1470 et
491 1422 655 1482 sedens
686 1423 906 1470 alacriter
926 1441 999 1471 res
1030 1441 1133 1470 suas
1164 1422 1467 1488 disponeret,
1496 1442 1581 1471 su-

154 1499 258 1548 bito
276 1500 504 1547 alienatus
524 1498 772 1548 obmutuit
793 1511 840 1547 et
864 1501 912 1547 in
939 1502 1202 1547 crastinum
1226 1500 1366 1548 obiit.
1396 1501 1579 1548 Deinde

154 1576 420 1642 Stephanus
451 1587 521 1625 est
545 1577 791 1624 ordinatus
818 1576 1045 1624 diaconus
1063 1613 1076 1634 ‚
1107 1577 1292 1624 cunctis
1322 1576 1583 1623 virtutibus

151 1655 424 1702 adornatus.
443 1655 825 1703 TuncAistulfus
836 1691 849 1712 ,
863 1655 1293 1721 Langobardorum
1311 1673 1393 1703 rex
1405 1692 1419 1713 ,
1443 1673 1582 1703 sanc-

154 1742 250 1778 tam
269 1731 526 1780 Ecclesiam
545 1733 687 1779 nimis
705 1732 1098 1797 persequebatur,
1121 1743 1169 1780 et
1189 1734 1392 1780 Romam
1407 1733 1579 1781 ditioni

154 1828 250 1857 suae
280 1812 484 1858 omnino
514 1810 763 1876 subjugare
798 1810 1059 1858 nitebatur.
1097 1811 1401 1876 Quapropter
1432 1830 1577 1876 papa,

154 1887 268 1935 dum
298 1888 368 1936 nil
399 1888 523 1953 apud
554 1906 664 1936 eum
699 1888 921 1954 precibus
954 1889 1026 1937 vel
1061 1889 1342 1936 muneribus
1374 1890 1578 1948 valeret,

200 2097 250 2142 (1)
275 2093 340 2141 (30
361 2095 556 2130 novembre
583 2097 717 2143 741-14
744 2106 840 2129 mars
864 2093 959 2142 752.)
986 2095 1083 2129 Lisez
1110 2111 1116 2128 ;
1143 2094 1428 2142 Pub-chronius.
1449 2096 1500 2130 Ce
1524 2095 1579 2130 sut

154 2156 243 2191 dans
264 2167 329 2191 son
353 2157 460 2190 traite
483 2168 565 2190 avec
584 2167 624 2190 ce
643 2167 750 2203 pape,
778 2167 840 2190 sur
858 2155 889 2190 la
911 2155 957 2190 lin
978 2155 1023 2189 de
1041 2158 1121 2203 741,
1142 2168 1214 2202 quc
1232 2156 1435 2202 Liutprand
1458 2156 1581 2192 rendit

154 2216 207 2252 les
221 2223 350 2265 quatre
372 2216 472 2250 villes
496 2216 687 2263 conquises
710 2215 850 2250 l'annce
874 2215 1104 2263 precedente.
1126 2215 1346 2250 Trasimond
1367 2217 1524 2251 n'ohtint
1545 2229 1580 2252 sa

156 2276 261 2323 grace
279 2275 361 2323 (μή
380 2275 411 2309 la
424 2274 613 2309 condition
632 2274 720 2322 qu'il
737 2274 928 2322 prendrait
946 2274 995 2310 les
1013 2273 1152 2309 ordrcs.
1170 2274 1301 2309 C’etait
1318 2274 1349 2309 le
1368 2276 1579 2310 traitenwnt

154 2336 243 2385 qu'il
261 2337 352 2371 avait
372 2335 566 2370 lui-nieme
581 2336 719 2382 impost-
735 2337 754 2370 ὲ
768 2347 832 2370 son
850 2336 948 2383 pere.
965 2334 1168 2382 Lintprand
1184 2342 1333 2370 mourut
1348 2347 1427 2370 vers
1441 2335 1473 2370 le
1487 2337 1580 2370 mois

154 2395 200 2431 de
214 2396 355 2442 janvier
375 2398 461 2443 744,
483 2396 587 2442 apres
610 2407 660 2430 un
680 2396 790 2441 regne
813 2394 859 2430 de
877 2401 997 2430 trente
1019 2401 1056 2429 et
1076 2406 1124 2429 un
1149 2406 1211 2429 ans
1236 2400 1272 2429 et
1293 2401 1372 2442 sept
1395 2395 1498 2430 mois.
1520 2396 1578 2429 Au

154 2455 248 2490 mois
266 2454 389 2489 d’aofit
408 2455 567 2496 suivant,
588 2453 837 2497 unde-brand,
861 2465 926 2488 son
948 2465 1081 2497 neven,
1100 2453 1157 2488 sut
1170 2452 1323 2500 depose,
1345 2460 1382 2488 et
1399 2452 1580 2500 remplace

155 2527 221 2562 par
240 2515 408 2557 Ratchis‚
428 2513 499 2549 duc
518 2513 563 2548 de
577 2512 714 2548 Frioul.
734 2512 956 2556 Artabasde‚
978 2513 1188 2548 beau-frere
1208 2513 1254 2547 de
1268 2513 1484 2549 Constantii]
1503 2513 1578 2547 Co-

156 2587 354 2622 pronyme,
375 2575 503 2610 s'etant
518 2573 655 2609 revolte
672 2580 799 2608 contre
818 2573 868 2608 lui
885 2571 1046 2620 pendant
1063 2584 1127 2607 son
1143 2571 1312 2614 absence,
1338 2578 1401 2606 ent
1418 2571 1468 2606 les
1485 2584 1578 2618 yeux

157 2637 277 2670 creves
295 2635 328 2670 le
348 2647 368 2670 α
393 2635 591 2670 novembre
612 2632 691 2683 743.
714 2633 907 2669 Carloman
928 2633 1002 2680 prit
1017 2631 1146 2667 l'habit
1162 2632 1392 2679 monastique
1411 2644 1455 2666 au
1475 2639 1579 2667 mont

158 2695 286 2730 Cassin
303 2707 350 2730 en
369 2700 448 2744 747,
471 2702 507 2731 et
528 2695 678 2730 Ratchis
697 2707 740 2728 en
760 2696 839 2742 749.
