1738 3043
562 185 716 225 LIBER
744 185 1023 224 SECUNDUS.
1427 190 1505 255 3959

87 266 268 333 populo
283 283 455 331 poscen
463 277 508 313 te
523 265 696 331 presby
704 275 775 312 ter
789 283 813 310 a
830 283 874 310 sa
882 276 994 312 neto
1011 263 1270 313 Melchiade
1284 266 1507 333 episcopo

87 345 335 394 ordinatus
353 354 422 393 est
437 365 450 402 3
475 361 572 410 quo
589 345 824 409 migrante
841 344 1064 391 Silvester
1078 343 1137 390 ab
1151 345 1374 393 omnibus
1392 364 1507 412 papa

88 424 395 472 concorditer
416 424 592 471 electus
614 432 699 470 est.
729 423 925 469 Cunctis
947 423 1202 485 virtutibus
1227 426 1322 490 ipse
1342 427 1506 474 rutila-

88 502 204 560 bat,
247 503 516 568 meritoque
557 500 818 548 sanctitatis
863 500 1087 549 omnibus
1130 502 1254 551 idem
1296 508 1507 571 compla-

90 581 242 628 cebat.

153 657 380 704 Immanis
403 666 503 705 erat
526 655 669 703 draco
694 655 742 702 in
768 666 934 704 monte
960 657 1190 722 Tarpeio,
1220 660 1267 706 in
1292 678 1389 726 quo
1419 662 1509 708 Ca-

89 736 316 801 pitolium
339 746 408 783 est
427 735 715 783 collocatum
730 770 744 793 ,
765 735 822 782 ad
841 752 983 800 quem
1002 737 1125 801 magi
1146 755 1255 783 cum
1275 740 1508 805 sacrilegis

89 812 356 879 virginibus
389 813 531 861 semel
568 813 616 859 in
649 829 810 860 mense
847 830 956 860 cum
991 814 1230 862 sacrificiis
1268 828 1314 864 et
1349 818 1509 865 lustris

90 891 438 941 descendebant
458 908 640 939 CCCLXV
660 890 881 957 gradibus
903 893 1034 957 quasi
1058 893 1115 939 ad
1139 894 1400 943 infernum.
1423 898 1510 944 Hic

91 987 147 1016 ex
165 969 424 1033 improviso
439 967 718 1016 ascendebat
729 1005 743 1028 ,
758 979 804 1015 et
821 969 931 1017 licet
946 986 1045 1017 non
1061 971 1381 1036 egrederetur,
1403 974 1512 1021 vici-

93 1063 212 1092 num
240 1055 399 1093 tamen
429 1063 585 1093 aerem
616 1046 732 1092 flatu
761 1063 847 1093 suo
872 1046 1094 1105 vitiabat,
1123 1067 1221 1114 quo
1250 1052 1514 1100 mortalitas

93 1122 346 1170 hominum
377 1134 424 1170 et
448 1124 679 1170 maximus
702 1123 759 1171 de
789 1136 945 1172 morte
972 1125 1228 1174 infantium
1256 1128 1410 1176 luctus
1439 1148 1516 1178 ve-

93 1199 273 1248 niebat.
301 1200 516 1249 Tandem
541 1202 736 1267 Paganis
759 1220 782 1248 a
807 1202 1032 1250 Silvestro
1057 1205 1363 1268 poscentibus
1387 1208 1517 1254 auxi-

94 1279 238 1336 lium,
279 1280 376 1344 ipse
411 1279 690 1326 Christianis
729 1281 1005 1328 triduanum
1041 1282 1215 1330 indixit
1249 1287 1512 1350 jejunium,

15 1386 17 1389 v
65 1369 204 1423 <post
231 1359 362 1424 quod
393 1377 416 1404 a
447 1357 587 1406 beato
617 1360 759 1407 Petro
790 1361 1007 1424 apostolo
1039 1362 1085 1407 in
1116 1363 1298 1411 visione
1323 1364 1519 1412 edoctus

97 1453 207 1482 cum
235 1435 385 1483 tribus
407 1437 698 1503 presbyteris
729 1447 776 1485 et
808 1437 994 1485 duobus
1019 1438 1298 1487 diaconibus
1322 1442 1519 1490 descen-

96 1512 194 1571 dit,
231 1523 278 1561 et
316 1515 364 1562 in
397 1515 575 1562 virtute
611 1515 695 1563 Dei
732 1515 986 1565 draconem
1005 1497 1211 1581 ‘penitus
1241 1519 1460 1578 inclusit,
1493 1540 1517 1567 a

98 1593 230 1656 cujus
258 1591 374 1639 ssatu
398 1602 495 1641 tota
520 1594 683 1640 civitas
711 1611 766 1641 ex
793 1594 867 1640 illa
899 1593 974 1642 die
1001 1606 1048 1642 et
1080 1595 1300 1661 deinceps
1324 1597 1519 1646 liberata

97 1670 200 1718 Deo
233 1672 404 1735 gratias
442 1673 556 1737 egit.
595 1673 708 1718 Haec
742 1684 795 1720 ut
832 1672 1028 1737 plurimi
1065 1675 1319 1739 gentilium
1354 1678 1522 1725 Romae

99 1747 352 1805 viderunt,
388 1766 411 1794 a
447 1758 577 1812 peste
605 1749 824 1798 draconis
851 1752 1027 1815 erepti,
1063 1751 1254 1800 Christo
1280 1754 1524 1802 credentes

100 1825 324 1890 baptizati
350 1836 478 1872 sunt.

169 1904 490 1951 Constantino
522 1905 806 1968 imperatore
830 1904 1123 1954 Christianos
1156 1919 1355 1973 cogente
1386 1910 1523 1958 idolis

106 1983 398 2040 sacrificare,
444 1993 492 2029 et
537 1983 762 2047 plurimas
801 1995 974 2050 strages
1011 1997 1177 2051 agente
1212 1987 1270 2035 de
1307 1989 1398 2035 illis
1442 1992 1524 2056 qui

107 2060 355 2108 simulacra
388 2060 620 2108 nolebant
653 2062 871 2119 adorare,
910 2063 1134 2111 Silvester
1169 2064 1227 2112 ab
1264 2065 1384 2114 urbe
1417 2085 1526 2114 cum

109 2139 292 2187 clericis
322 2140 416 2186 suis
441 2140 659 2199 recessit,
691 2151 738 2188 et
769 2142 819 2188 in
846 2154 1011 2190 monte
1040 2144 1233 2192 Soracte
1257 2148 1450 2211 jejuniis
1480 2158 1528 2195 et

109 2218 410 2267 orationibus
439 2220 658 2266 insistens
685 2220 958 2285 aliquandiu
987 2221 1192 2270 delituit.
1219 2224 1380 2273 Ultrix
1414 2244 1527 2274 vero

111 2297 197 2345 Dei
221 2315 390 2344 manus
413 2297 713 2362 elephantina
736 2299 1106 2349 Constantinum
1128 2303 1255 2368 lepra
1272 2307 1526 2369 percussit,

114 2387 163 2424 et
185 2377 250 2423 sic
282 2377 418 2424 illum
449 2377 508 2423 ab
536 2378 765 2425 effusione
798 2381 1038 2444 sanguinis
1062 2400 1309 2431 servorum
1333 2403 1528 2433 suorum

118 2458 425 2522 compescuit.
455 2458 698 2523 Augustus
721 2475 834 2523 ergo
854 2476 944 2523 pro
970 2471 1097 2507 tanta
1123 2473 1324 2510 moestus
1346 2465 1532 2511 calami-

119 2544 241 2592 tate,
285 2536 401 2601 quid
441 2535 529 2582 sihi
572 2535 812 2600 prodesset
852 2537 1028 2583 obnixi¹
1070 2540 1251 2587 studuit
1291 2542 1527 2606 indagare.

123 2613 260 2660 Tunc
280 2614 573 2662 nefariorum
597 2615 816 2678 Capitolii
843 2616 1040 2664 consilio
1066 2619 1374 2682 pontificum,
1396 2622 1533 2684 jussit

122 2690 292 2753 perimi
315 2701 518 2739 turmam
544 2692 598 2739 ad
627 2693 714 2739 tria
742 2693 888 2740 millia
912 2693 1192 2754 infantium,
1215 2708 1268 2744 ut
1293 2696 1402 2745 suso
1426 2716 1539 2746 san-
