1738 3043
558 236 711 276 LlBER
739 236 1021 278 SECLMNJS.
1429 247 1503 283 *257

80 315 293 362 Tandem
336 315 460 362 fideli
507 317 636 364 socio
677 317 742 362 ait
786 338 794 362 ε
843 320 1034 376 Paule,
1073 321 1319 368 modicum
1361 338 1509 391 caput

78 396 209 459 erige
230 406 274 441 et
295 395 427 441 vide.
463 396 635 442 Paulus
656 413 768 442 vero
794 396 1019 462 lacrymis
1050 400 1219 463 plenus
1244 412 1386 467 caput
1411 404 1509 451 elc-

77 472 234 528 vavit,
275 472 616 538 Simonemquc
650 475 748 536 jam
790 473 837 519 in
879 474 975 520 alto
1017 477 1259 525 volantem
1301 479 1421 527 vidit
1462 493 1508 529 et

76 548 174 594 ait:
206 550 373 606 Petre,
406 550 528 613 quid
561 549 761 596 cessas?
788 551 968 616 perfice
991 555 1126 616 quod
1155 557 1360 620 coepisti.
1392 558 1508 604 Jam,

74 628 202 675 enim
247 639 393 675 vocat
437 646 524 674 nos
572 628 814 675 Dominus
861 630 1003 676 Jesus
1054 631 1292 680 Christus.
1341 638 1507 682 Petrus

74 716 234 753 antem
264 716 431 753 contra
455 706 701 754 Simonem
726 707 982 771 aspiciens,
1010 709 1076 755 ait
1111 730 1121 755 :
1158 712 1355 777 Acljuro
1390 731 1503 766 vos,

73 785 242 850 angeli
259 785 489 842 Satanoe,
517 786 602 849 qui
620 787 885 849 eum-fertis
908 788 958 832 in
978 805 1089 834 aere
1117 788 1189 834 acl
1215 789 1507 854 decipienda

72 863 321 911 hominum
365 864 635 924 infidelium
681 864 863 923 corda,
906 883 1000 931 per
1041 866 1202 912 Deum
1246 880 1507 915 creatorem

72 941 316 999 omnium,
358 952 402 987 et
437 958 533 1007 per
566 941 831 988 Dominum
873 954 1088 989 nostrum
1124 943 1290 990 Jesum
1337 945 1508 991 Chris-—

72 1028 172 1065 tum
190 1016 361 1084 filium
394 1019 531 1084 ejus,
566 1036 706 1082 quem
739 1021 878 1066 tertia
911 1020 993 1066 die
1025 1022 1275 1068 suscitavit
1307 1041 1339 1068 (ι
1375 1040 1508 1070 mor-

71 1097 190 1154 tuis,
213 1107 263 1143 ut
282 1114 390 1143 eum
408 1114 472 1143 ex·
494 1095 588 1143 lzac
607 1096 725 1143 hora
744 1098 858 1163 jam
880 1116 977 1145 non
986 1098 1192 1161 feratis,
1225 1100 1314 1147 sed
1341 1102 1507 1147 dimit-

70 1176 202 1222 tatis.

134 1253 382 1301 Continuo
414 1253 463 1300 in
496 1270 611 1300 voce
644 1253 771 1300 Petri
807 1271 862 1300 ex
899 1254 997 1301 alto
1035 1256 1277 1313 dimissus,
1318 1258 1364 1304 in
1397 1258 1504 1306 loco

68 1332 151 1398 qui
191 1335 328 1378 Sacra
367 1332 439 1377 via
472 1330 651 1378 dicitur
686 1330 884 1390 cecidit3
932 1342 979 1379 et
1016 1333 1065 1379 in
1103 1343 1312 1398 quatuor
1346 1346 1503 1400 partes

67 1410 272 1468 fractus,
309 1421 518 1476 quatuor
551 1410 703 1457 silices
733 1409 979 1457 adunavit.
1015 1412 1134 1472 Quae
1171 1430 1242 1458 res
1278 1430 1427 1478 usque
1453 1415 1501 1461 in

67 1486 357 1536 hodiernum
379 1486 506 1534 diem
526 1487 801 1552 apostolicae
827 1488 1043 1536 victoriae
1069 1489 1402 1537 testimonium
1426 1510 1501 1538 cx—

66 1565 242 1613 hibuit.
282 1567 422 1613 Tunc
451 1566 508 1612 ad
539 1566 754 1613 sonitum
793 1568 915 1630 ejus,
952 1584 1059 1613 cum
1091 1568 1302 1632 crepuit,
1330 1569 1500 1616 Paulus

65 1654 208 1709 caput
231 1645 429 1702 levavit,
462 1646 659 1710 Deoque
684 1646 816 1708 justo
839 1644 991 1709 judici
1019 1646 1190 1710 gratias
1221 1648 1334 1712 egit.
1369 1649 1499 1697 Nero

64 1734 224 1771 autem
250 1724 316 1771 ira
341 1741 509 1788 magna
530 1723 700 1788 plenus
720 1724 916 1771 Petrum
934 1735 982 1771 et
1001 1724 1201 1772 Paulum
1223 1726 1271 1772 in
1292 1727 1496 1775 vinculis

66 1803 215 1850 teneri
243 1802 374 1849 fecit.
402 1802 588 1865 Corpus
608 1819 723 1848 vcro
745 1803 955 1850 Simonis
982 1802 1135 1849 tribus
1159 1803 1354 1862 diebus,
1383 1808 1494 1853 toti-

61 1879 265 1946 demque
288 1879 513 1927 noctibus
535 1879 789 1945 diligenter
810 1880 1037 1928 custodiri
1070 1884 1316 1946 praecepit.
1350 1885 1495 1930 Puta-

61 1958 144 2006 bat
175 1960 305 2006 enim
329 1957 458 2023 quod
491 1959 625 2004 tertia
653 1957 729 2004 die
756 1969 1042 2022 resurgeret.
1067 1959 1156 2006 Sed
1185 1960 1352 2006 Petrus
1377 1979 1494 2010 asse-

61 2036 254 2085 verabat
291 2036 423 2101 quod
453 2037 500 2082 in
530 2046 769 2082 aeternum
798 2037 1049 2083 damnatus
1078 2047 1212 2084 esset.
1248 2038 1491 2102 Apostolis

63 2114 110 2162 in
130 2115 315 2180 Spiritu
332 2115 510 2161 Sancto
530 2114 926 2179 tripudiantibus,
952 2114 1311 2179 Hominumque
1329 2117 1489 2164 Jcsum

61 2194 339 2259 magistrum
358 2210 495 2239 suum
515 2193 669 2257 palam
689 2191 1032 2240 confitentibus
1046 2228 1058 2249 ,
1082 2192 1210 2239 Nero
1236 2194 1299 2239 ira
1321 2212 1486 2260 magna

59 2272 268 2336 repletus
299 2271 419 2318 dixit
450 2269 507 2316 ad
537 2269 798 2335 Agrippam
826 2270 1107 2334 praefectum
1138 2288 1276 2316 suum
1314 2292 1323 2316 ε
1358 2273 1487 2319 Istos

60 2348 273 2398 homines
322 2349 616 2413 irreligiosos
657 2367 848 2396 necesse
889 2360 957 2395 est
987 2349 1193 2414 perdere
1236 2350 1364 2396 male
1382 2374 1397 2403 ‚·
1443 2364 1487 2397 et

60 2427 169 2474 ideo
193 2426 357 2474 cardis
360 2426 542 2488 ferreis
561 2427 773 2492 acceptis
786 2463 800 2482 s,
823 2444 902 2473 eos
923 2427 970 2472 in
989 2425 1353 2472 Namnaclatam
1379 2446 1485 2474 con-

58 2509 184 2554 sumi
211 2506 349 2572 jube.
388 2505 599 2569 Agrippa
635 2504 756 2550 dixit
791 2525 800 2550 :
842 2505 956 2551 Non
993 2507 1280 2569 congruenti
1315 2523 1481 2552 erem-

53 2584 139 2648 plo
161 2585 307 2650 jubes
332 2602 411 2631 eos
434 2585 614 2650 perire.
648 2583 895 2647 Quoniam
916 2582 1107 2629 Paulus
1133 2584 1361 2630 innocens
1385 2602 1485 2629 esse

58 2661 270 2718 videtur,
301 2662 491 2727 justum
533 2672 600 2708 est
643 2671 693 2706 ut
730 2662 775 2706 ei
808 2677 901 2725 pro
943 2659 1300 2725 irreligiositate
1338 2672 1484 2725 caput

59 2751 344 2804 amputetur.
376 2742 565 2786 Petrum
591 2751 747 2785 autem
766 2776 779 2795 ‚
809 2757 863 2784 eo
888 2738 1022 2801 quod
1043 2737 1355 2784 homicidium
1372 2757 1485 2802 per—

159 2834 188 2862 ι.
1236 2835 1284 2859 ι’·
