1738 3043
183 252 234 288 7ss
552 249 798 288 HISTORIA
827 249 1227 288 ECCLESIASTICA.

185 329 390 385 Christi,
424 339 474 374 ut
503 329 651 375 solers
678 329 967 394 Augustinus
991 329 1326 394 Hipponiensis
1351 330 1593 395 episcopus

189 407 235 452 in
269 405 395 451 libro
430 405 572 452 tertio
607 405 664 452 de
697 423 926 452 consensu
962 405 1370 470 Evangelistarum
1403 405 1591 464 scribit,

187 484 334 530 multa
366 482 490 529 dicta
522 493 634 530 sunt
665 494 711 531 et
736 483 883 529 multa
911 501 1129 548 responsa
1155 494 1281 530 sunt.
1311 483 1448 532 Unde
1469 484 1596 550 quis-

187 580 278 625 quc
314 578 482 607 corum
511 571 744 626 quantum
780 561 866 608 sibi
900 562 1052 608 visum
1077 572 1145 610 est
1175 562 1436 627 decerpsit,
1465 572 1512 611 et
1547 562 1597 609 in

190 640 461 686 narratione
483 656 562 684 sua
586 640 745 703 posuit
766 638 895 705 quod
916 640 1024 686 satis
1049 657 1144 687 esse
1160 639 1405 703 judicavit.

251 717 400 772 Jesus,
423 726 476 762 ut
500 716 751 763 Matthaeus
770 718 954 773 asserit,
982 728 1090 764 ante
1112 717 1363 782 praesidem
1381 717 1530 775 stetit,
1552 727 1599 765 et

190 795 507 859 interrogatus
531 793 588 840 ab
609 812 664 841 eo
695 796 731 840 si
757 813 839 841 rex
859 795 883 839 J
890 794 1135 841 udaeorum
1153 805 1295 853 esset,
1317 793 1563 859 respondit
1585 814 1595 840 ε

193 874 265 918 Tu
283 873 425 919 dicis.
449 873 580 918 Exiit
599 873 774 919 Pilatus
788 908 800 929 ,
823 884 876 918 ut
894 873 1097 919 Joannes
1115 871 1285 929 refert,
1307 871 1362 918 ad
1380 888 1458 919 cos
1474 870 1600 918 foras

189 951 269 1015 qui
302 968 401 997 non
427 951 719 997 introierunt
753 951 799 996 in
833 951 1140 1015 praetorium,
1172 960 1219 997 et
1249 950 1401 997 dixit:
1440 950 1602 1014 Quam

189 1031 543 1075 accusationem
572 1030 754 1092 affertis
783 1032 1007 1075 adversus
1032 1028 1268 1075 hominem
1297 1027 1457 1075 hunc?
1484 1027 1603 1074 Res-

189 1104 465 1168 ponderunt
488 1123 497 1148 :
522 1105 580 1151 Si
603 1124 697 1151 non
723 1116 842 1151 esset
867 1106 945 1150 hic
968 1103 1266 1169 malefactor,
1289 1121 1384 1151 non
1406 1103 1493 1150 tibi
1508 1114 1604 1151 tra-

189 1183 481 1229 didissemus
499 1201 621 1229 eum.
645 1183 777 1229 Dixit
795 1183 859 1229 eis
877 1182 1053 1228 Pilatus
1075 1203 1084 1227 :
1108 1182 1331 1247 Accipite
1356 1197 1460 1228 eam
1487 1198 1600 1239 vos,

191 1273 234 1307 et
257 1261 522 1308 seeundum
549 1261 701 1326 legem
727 1273 938 1307 vestram
957 1260 1185 1325 judicate
1216 1277 1341 1306 eum.
1369 1260 1606 1307 Dixerunt

190 1338 338 1384 Judaei
366 1359 374 1383 ε
396 1339 551 1404 Nobis
576 1356 671 1385 non
692 1339 801 1385 licet
818 1338 1077 1403 interficere
1094 1355 1393 1402 quemquam.
1413 1336 1606 1385 Introiit

194 1416 366 1462 iterum
403 1416 578 1462 Pilatus
614 1417 661 1461 in
696 1416 1003 1478 praetorium,
1045 1425 1091 1461 et
1127 1414 1311 1460 vocavit
1341 1415 1525 1470 Jesum,
1559 1423 1606 1460 et

190 1493 311 1540 dixit
344 1513 352 1537 τ
393 1495 465 1540 Tu
499 1512 548 1541 es
584 1511 675 1540 rex
706 1491 1030 1540 Judoeormn?
1063 1491 1326 1556 Respondit
1359 1492 1489 1538 Jesus
1519 1511 1528 1537 ε
1559 1492 1606 1537 A

193 1573 434 1638 temetipso
455 1571 545 1618 hoc
564 1571 712 1628 (licis,
740 1589 806 1617 an
826 1571 917 1617 alii
934 1571 1017 1616 tibi
1035 1570 1260 1616 dixerunt
1283 1570 1344 1616 de
1361 1568 1469 1616 me?
1496 1569 1607 1616 Res-

191 1650 362 1713 pondit
396 1651 571 1696 Pilatus
609 1671 618 1695 :
657 1649 918 1714 ,Numquid
946 1667 1034 1713 ego
1063 1649 1266 1695 Jncloeas
1297 1647 1438 1695 sam?
1476 1647 1606 1695 Gens

193 1739 301 1785 tua,
335 1739 378 1774 et
399 1729 654 1793 pontifices
683 1731 775 1787 tui,
811 1728 1111 1773 tradiderant
1139 1738 1182 1773 te
1210 1726 1339 1772 milli.
1371 1724 1607 1791 Quidse-

193 1808 304 1851 cisti
316 1805 342 1851 ‚9
363 1805 626 1871 Respondit
644 1807 667 1851 J
673 1825 773 1852 esus
797 1825 805 1849 :
830 1807 1053 1870 Regnum
1068 1823 1220 1851 meum
1239 1823 1335 1852 non
1353 1815 1422 1851 est
1440 1804 1501 1850 de
1518 1803 1608 1850 hoc

192 1885 387 1929 mundo.
413 1884 450 1930 S
454 1886 472 1929 ι’
495 1902 557 1929 ex
583 1885 673 1931 hoe
692 1884 871 1930 mundo
890 1895 1008 1930 esset
1028 1900 1225 1948 regnum
1245 1899 1419 1940 meam,
1441 1882 1608 1928 minis-

193 1963 254 2007 tri
275 1963 368 2007 mei
389 1962 683 2009 decertarent
712 1974 759 2008 ut
784 1980 879 2008 non
903 1962 1117 2007 traderer
1137 1961 1341 2008 ladaeis.
1364 1960 1511 2008 Nune
1528 1977 1608 2006 αει·

192 2051 282 2085 tem
304 2058 502 2105 regnam
531 2059 685 2087 meum
717 2058 812 2087 non
845 2051 913 2087 est
945 2040 1071 2086 hine.
1105 2040 1236 2086 Dixit
1260 2056 1372 2104 ergo
1393 2038 1602 2086 Pilatus:

194 2116 329 2180 Ergo
363 2135 447 2162 rea:
479 2135 526 2163 es
560 2117 644 2163 tu?
678 2116 941 2180 Respondit
976 2117 1106 2162 Jesus
1148 2135 1158 2160 :
1202 2116 1251 2161 T
1247 2134 1276 2160 ιι
1309 2115 1457 2171 dicis,
1491 2115 1607 2178 qaia

194 2211 278 2238 rex
303 2212 405 2239 sum
434 2212 540 2257 ego.
569 2196 682 2259 Ego
711 2196 759 2239 in
789 2194 878 2239 hoe
909 2203 1051 2238 natas
1078 2209 1180 2237 sum
1194 2228 1210 2247 ,
1231 2202 1273 2236 et
1293 2190 1364 2236 ad
1384 2190 1473 2237 hoe
1493 2191 1610 2236 veni

194 2270 243 2313 ιή
262 2270 492 2314 mundam
504 2307 519 2327 ,
552 2281 601 2315 ut
628 2270 943 2315 testimonimn
965 2267 1243 2333 perhibeam
1263 2268 1469 2313 veritati.
1492 2266 1608 2314 Om-

194 2347 267 2390 nis
300 2348 385 2409 qui
417 2357 485 2391 est
515 2364 576 2391 ex
605 2347 807 2392 ‘veritate
838 2346 976 2391 audit
1006 2362 1170 2392 vocem
1202 2361 1372 2390 meam.
1407 2343 1539 2390 Dixit
1565 2343 1606 2390 ei

193 2423 370 2469 Pilatus
398 2445 407 2468 :
445 2425 582 2486 Quid
607 2436 674 2470 est
701 2422 913 2470 veritas?
933 2424 995 2469 Et
1023 2440 1131 2468 cum
1155 2421 1245 2470 hoc
1271 2421 1486 2480 dixisset,
1515 2422 1608 2469 ite-

193 2519 303 2547 rum
326 2503 440 2548 exiit
467 2501 523 2547 ad
547 2502 760 2557 Judae0s‚
785 2513 832 2549 et
853 2501 973 2548 dixit
993 2501 1057 2547 eis
1085 2519 1095 2544 ε
1122 2502 1235 2565 Ego
1264 2499 1450 2546 nullam
1474 2500 1524 2545 in
1551 2515 1606 2546 eo

196 2581 381 2626 invenio
416 2598 631 2626 causam.
669 2582 806 2626 Tunc
841 2581 1148 2626 amaricantes
1171 2578 1318 2625 Judaei
1336 2613 1349 2635 ,
1381 2588 1435 2623 ut
1458 2577 1605 2623 Lucas

196 2656 362 2712 refert,
386 2667 639 2721 coeperunt
657 2674 869 2703 accusare
884 2694 894 2713 ,
919 2656 1126 2704 dicentes
1149 2677 1158 2701 :
1185 2656 1328 2702 Hune
1346 2655 1606 2702 invenimus

193 2734 524 2781 subvertentem
545 2748 731 2796 gentem
761 2747 992 2793 nostram,
1023 2746 1063 2782 et
1077 2733 1408 2799 prohibentem
1430 2731 1604 2779 tributa
