1738 3043
194 224 238 259 10
553 220 792 259 HISTORIA
825 222 1220 263 ECCLESIASTICA.

188 300 516 346 innocentum.
539 299 753 346 Christus
771 311 927 348 autem
944 319 1032 366 pro
1049 321 1095 350 se
1116 303 1373 350 trucidatos
1392 305 1438 351 in
1458 322 1596 354 suum

189 375 427 421 transtulit
457 374 740 437 thalamum,
776 375 856 423 ubi
890 377 1093 425 feliciter
1116 379 1309 427 laureati
1336 381 1600 446 tripudiant

190 453 236 498 in
264 462 546 517 perpetuum
567 454 657 517 (t).

253 532 333 576 Ill.
381 531 595 579 Salvator
632 549 770 580 xxxu
813 534 948 580 annis
989 544 1036 580 et
1074 551 1126 580 111
1161 536 1402 583 mensibus
1435 537 1510 601 (a)
1548 537 1599 585 in

190 608 326 654 terris
350 620 652 657 conversatus
671 621 764 667 est3
792 611 870 658 sed
893 612 1069 676 peccati
1094 630 1258 676 expers
1275 612 1439 661 dolum
1460 614 1600 662 locu-

189 695 261 730 tus
295 702 394 732 non
429 696 519 743 est,
555 687 775 753 solusque
813 688 936 735 inter
970 699 1185 736 mortuos
1222 689 1342 737 liber
1374 690 1433 737 ab
1466 692 1599 739 omni

188 763 322 827 culpa
340 776 554 829 repertus
575 777 656 812 est.
678 767 730 812 ln
755 767 892 813 initio
915 765 1024 815 xxxi
1046 769 1155 814 anni
1175 769 1394 817 Jordanis
1414 770 1601 817 alveum

186 841 410 904 expetiit,
439 861 461 888 a
485 844 667 890 Joanne
686 842 964 907 baptismate
990 845 1218 892 intinctus
1243 864 1384 911 aquas
1402 845 1602 893 sanctifi-

187 918 336 974 cavit,
364 929 410 965 et
443 920 507 965 sie
533 920 802 984 exemplum
838 921 980 966 totius
1012 921 1291 968 humilitatis
1323 922 1600 987 sequacibus

186 996 278 1041 suis
297 996 521 1044 ostendit.
543 999 652 1045 Jesu
671 996 909 1062 baptizato
924 1009 970 1045 et
982 1009 1166 1057 orante,
1187 999 1366 1045 coelum
1383 1009 1601 1064 apertum

185 1085 270 1120 est.
302 1076 548 1139 Corporali
581 1092 695 1123 vero
730 1076 881 1140 specie
916 1077 1037 1122 sicut
1067 1076 1286 1124 columba
1320 1095 1460 1141 super
1492 1094 1601 1124 eum

186 1152 390 1215 Spiritus
408 1154 607 1200 Sanctus
626 1153 908 1201 descendere
927 1154 1051 1200 visus
1070 1165 1164 1212 est,
1191 1166 1238 1201 et
1256 1171 1351 1201 vox
1372 1155 1524 1202 Patris
1545 1153 1603 1202 de

187 1229 312 1275 coelo
337 1230 493 1276 audita
517 1240 586 1277 est
610 1251 620 1276 :
645 1230 744 1277 Hic
767 1242 835 1277 est
854 1231 906 1275 F
903 1231 1015 1277 ilius
1035 1248 1166 1277 meas
1187 1230 1418 1288 dilectus,
1439 1233 1489 1277 in
1508 1247 1602 1295 quo

189 1307 309 1352 mila·
339 1308 617 1373 complacui
639 1308 733 1371 (3).
767 1309 941 1355 Merito
971 1310 1175 1355 Joannes
1208 1307 1441 1372 praecellit
1477 1309 1604 1355 inter

189 1395 323 1431 natos
343 1386 626 1443 mulierum,
654 1386 728 1432 cui
756 1404 802 1433 se
828 1385 1044 1433 Christus
1070 1386 1220 1434 credit
1238 1385 1600 1451 baptizandum,

191 1461 438 1507 invisibilis
457 1479 503 1509 se
516 1462 722 1526 Spiritus
741 1461 932 1509 exhibet
950 1461 1205 1509 videndum
1219 1498 1232 1518 ‚
1252 1479 1390 1509 suum
1404 1461 1461 1510 de
1477 1461 1604 1509 coelo

188 1540 325 1586 Pater
340 1540 640 1588 commendat
658 1540 851 1587 Filium.
876 1541 952 1586 Sic
971 1539 1110 1588 beato
1129 1541 1414 1605 praecursori
1429 1550 1605 1605 myste-

187 1618 313 1663 rium
339 1618 589 1664 Trinitatis
615 1617 885 1666 ostenditur
911 1618 958 1664 in
982 1616 1220 1682 baptismo
1241 1617 1514 1664 Salvatoris.

252 1695 485 1742 Dominus
504 1697 661 1753 Jesus,
690 1696 771 1760 qui
793 1694 1075 1744 duodecimo
1101 1696 1253 1742 aetatis
1280 1713 1375 1743 suae
1400 1712 1529 1743 anno
1553 1695 1603 1742 in

190 1773 370 1837 templo
412 1775 459 1820 in
498 1772 655 1821 medio
691 1774 946 1820 doctorum
986 1773 1105 1820 sedit
1121 1809 1135 1832 ,
1181 1790 1269 1820 nec
1306 1773 1482 1820 docens
1524 1772 1605 1820 sed

188 1851 485 1916 interrogans
512 1852 713 1899 inveniri
734 1851 914 1909 voluit,
941 1869 1180 1898 annorum
1200 1856 1317 1897 xxx⁰
1337 1850 1605 1915 baptizatur

186 1937 234 1974 et
264 1928 432 1976 exinde
464 1930 691 1994 prodigiis
727 1931 857 1976 Deus
888 1929 1169 1976 declaratur.
1207 1930 1444 1976 Triennio
1473 1928 1604 1994 signa

187 2007 300 2053 facit
331 2018 377 2055 et
406 2007 661 2072 discipulos
686 2007 858 2056 erudit.
891 2007 1189 2054 Tricennalis
1216 2008 1291 2071 (4)
1317 2017 1426 2054 aetas
1449 2006 1602 2055 nostri

234 2243 284 2286 (ι)
311 2243 442 2278 Manli.
466 2256 514 2286 ιι,
540 2243 660 2279 13-16.

233 2301 283 2345 (2)
309 2302 359 2336 Ce
379 2302 507 2337 chiffre
519 2310 573 2338 est
591 2303 820 2339 visiblement
838 2310 919 2350 trop
937 2301 1044 2337 faible
1064 2301 1110 2337 de
1128 2301 1309 2349 plusieurs
1325 2303 1469 2337 annees.
1489 2301 1604 2337 Notre

188 2366 335 2402 auteur,
363 2374 407 2395 en
436 2362 697 2408 l'einpruntant
726 2365 745 2397 a
772 2363 883 2397 Denis
910 2361 942 2396 le
965 2361 1080 2405 Petit,
1107 2374 1126 2396 a
1153 2361 1275 2396 oublie
1300 2361 1389 2409 qu’il
1414 2361 1547 2409 placait
1571 2361 1604 2396 la

188 2418 370 2453 naissance
381 2419 425 2454 de
439 2422 689 2457 Jews-Christ
699 2422 793 2456 deux
808 2434 870 2456 ans
885 2421 965 2468 plus
976 2420 1031 2456 tot
1042 2433 1113 2468 que
1126 2427 1183 2456 cet
1197 2420 1366 2455 ecrivain.
1384 2421 1483 2456 Pour
1495 2432 1601 2464 nous,

189 2478 252 2523 qui
274 2478 304 2511 la
328 2487 544 2525 rapportons
570 2483 588 2515 a
615 2481 755 2517 l'anne'e
778 2484 846 2530 749
865 2481 910 2517 de
937 2481 1074 2525 Rome,
1096 2493 1188 2516 nous
1213 2492 1367 2516 sommes
1384 2481 1603 2517 necessaire-

190 2545 292 2571 ment
319 2538 471 2574 conduit
489 2542 508 2574 a
533 2553 662 2587 penser
680 2554 752 2589 que
770 2541 803 2576 la
827 2541 940 2576 duree
967 2541 1012 2576 de
1041 2540 1071 2575 la
1098 2540 1152 2575 vie
1178 2539 1227 2574 du
1247 2540 1407 2575 Sauveur
1429 2552 1447 2575 a
1474 2541 1532 2576 eti:
1558 2538 1603 2575 de

190 2603 410 2643 trente-sept
427 2610 490 2631 ans
507 2602 747 2634 commences,

235 2654 284 2699 (3)
311 2656 442 2690 Matth.
465 2670 530 2700 ιιι,
558 2660 791 2705 1-17;Marc.
819 2671 851 2701 ι,
873 2673 980 2706 9·¹¹3
1002 2659 1087 2692 Luc.
1111 2670 1173 2702 111,
1197 2670 1252 2701 21,
1275 2669 1330 2692 22.

242 2716 285 2757 ’4)
313 2715 358 2748 Le
382 2722 475 2750 texte
499 2716 542 2751 de
568 2717 758 2753 Ducliesnc
789 2725 892 2764 porte
919 2718 1120 2753 triennalis.
1152 2717 1252 2753 Nous
1277 2729 1385 2752 avons
1411 2715 1543 2764 adopte
1569 2715 1601 2750 la
