<?xml version="1.0" encoding="UTF-8"?>
<!DOCTYPE html PUBLIC "-//W3C//DTD XHTML 1.0 Transitional//EN"
    "http://www.w3.org/TR/xhtml1/DTD/xhtml1-transitional.dtd">
<html xmlns="http://www.w3.org/1999/xhtml" xml:lang="en" lang="en">
 <head>
  <title>
</title>
<meta http-equiv="Content-Type" content="text/html;charset=utf-8" />
  <meta name='ocr-system' content='tesseract 3.04.00' />
  <meta name='ocr-capabilities' content='ocr_page ocr_carea ocr_par ocr_line ocrx_word'/>
</head>
<body>
  <div class='ocr_page' id='page_1' title='image "./ordericivitalish01ordeuoft/ordericivitalish01ordeuoft_0419.png"; bbox 0 0 1738 3043; ppageno 0'>
   <div class='ocr_carea' id='block_1_1' title="bbox 584 210 1528 253">
    <p class='ocr_par' dir='ltr' id='par_1_1' title="bbox 584 210 1528 253">
     <span class='ocr_line' id='line_1_1' title="bbox 584 210 1528 253; baseline 0.004 -5"><span class='ocrx_word' id='word_1_1' title='bbox 584 210 738 249; x_wconf 82' lang='lat' dir='ltr'>LIBER</span> <span class='ocrx_word' id='word_1_2' title='bbox 767 210 1047 249; x_wconf 81' lang='lat' dir='ltr'><strong>SECUNDUS.</strong></span> <span class='ocrx_word' id='word_1_3' title='bbox 1451 214 1528 253; x_wconf 71' lang='lat'>395</span> 
     </span>
    </p>
   </div>
   <div class='ocr_carea' id='block_1_2' title="bbox 107 290 1535 1609">
    <p class='ocr_par' dir='ltr' id='par_1_2' title="bbox 107 290 1530 590">
     <span class='ocr_line' id='line_1_2' title="bbox 107 290 1524 356; baseline 0.001 -19"><span class='ocrx_word' id='word_1_4' title='bbox 107 291 256 355; x_wconf 77' lang='lat' dir='ltr'>gusti,</span> <span class='ocrx_word' id='word_1_5' title='bbox 283 300 331 338; x_wconf 90' lang='lat' dir='ltr'>et</span> <span class='ocrx_word' id='word_1_6' title='bbox 355 291 550 338; x_wconf 83' lang='lat' dir='ltr'>cessavit</span> <span class='ocrx_word' id='word_1_7' title='bbox 568 292 861 356; x_wconf 84' lang='lat' dir='ltr'>episcopatus</span> <span class='ocrx_word' id='word_1_8' title='bbox 882 290 1047 338; x_wconf 88' lang='lat' dir='ltr'>diebus</span> <span class='ocrx_word' id='word_1_9' title='bbox 1068 307 1223 338; x_wconf 85' lang='lat' dir='ltr'>xxvn.</span> <span class='ocrx_word' id='word_1_10' title='bbox 1252 291 1339 338; x_wconf 88' lang='lat' dir='ltr'>Hic</span> <span class='ocrx_word' id='word_1_11' title='bbox 1364 291 1524 340; x_wconf 88' lang='lat' dir='ltr'>decre-</span> 
     </span>
     <span class='ocr_line' id='line_1_3' title="bbox 108 368 1530 435; baseline 0.001 -19"><span class='ocrx_word' id='word_1_12' title='bbox 108 370 179 416; x_wconf 79' lang='lat' dir='ltr'>vit</span> <span class='ocrx_word' id='word_1_13' title='bbox 202 380 256 417; x_wconf 91' lang='lat' dir='ltr'>ut</span> <span class='ocrx_word' id='word_1_14' title='bbox 286 368 482 418; x_wconf 86' lang='lat' dir='ltr'>infames</span> <span class='ocrx_word' id='word_1_15' title='bbox 506 387 722 435; x_wconf 87' lang='lat' dir='ltr'>personae</span> <span class='ocrx_word' id='word_1_16' title='bbox 753 369 1015 417; x_wconf 84' lang='lat' dir='ltr'>sacerdotes</span> <span class='ocrx_word' id='word_1_17' title='bbox 1040 387 1139 418; x_wconf 91' lang='lat' dir='ltr'>non</span> <span class='ocrx_word' id='word_1_18' title='bbox 1173 380 1409 418; x_wconf 83' lang='lat' dir='ltr'>accusent.</span> <span class='ocrx_word' id='word_1_19' title='bbox 1443 371 1530 418; x_wconf 89' lang='lat' dir='ltr'>Sa—</span> 
     </span>
     <span class='ocr_line' id='line_1_4' title="bbox 109 447 1523 514; baseline 0.002 -20"><span class='ocrx_word' id='word_1_20' title='bbox 109 447 274 496; x_wconf 92' lang='lat' dir='ltr'>cerdos</span> <span class='ocrx_word' id='word_1_21' title='bbox 302 457 351 496; x_wconf 89' lang='lat' dir='ltr'>et</span> <span class='ocrx_word' id='word_1_22' title='bbox 379 447 534 496; x_wconf 82' lang='lat' dir='ltr'>levitae</span> <span class='ocrx_word' id='word_1_23' title='bbox 564 448 753 495; x_wconf 86' lang='lat' dir='ltr'>sacratis</span> <span class='ocrx_word' id='word_1_24' title='bbox 779 447 985 494; x_wconf 89' lang='lat' dir='ltr'>vestibus</span> <span class='ocrx_word' id='word_1_25' title='bbox 1016 449 1063 495; x_wconf 90' lang='lat' dir='ltr'>in</span> <span class='ocrx_word' id='word_1_26' title='bbox 1098 466 1184 495; x_wconf 90' lang='lat' dir='ltr'>usu</span> <span class='ocrx_word' id='word_1_27' title='bbox 1216 448 1523 514; x_wconf 88' lang='lat' dir='ltr'>quotidiano,</span> 
     </span>
     <span class='ocr_line' id='line_1_5' title="bbox 109 525 978 590; baseline 0 -19"><span class='ocrx_word' id='word_1_28' title='bbox 109 525 199 572; x_wconf 90' lang='lat' dir='ltr'>nisi</span> <span class='ocrx_word' id='word_1_29' title='bbox 221 525 269 571; x_wconf 90' lang='lat' dir='ltr'>in</span> <span class='ocrx_word' id='word_1_30' title='bbox 296 526 513 583; x_wconf 88' lang='lat' dir='ltr'>ecclesia,</span> <span class='ocrx_word' id='word_1_31' title='bbox 541 543 639 573; x_wconf 91' lang='lat' dir='ltr'>non</span> <span class='ocrx_word' id='word_1_32' title='bbox 665 534 864 572; x_wconf 85' lang='lat' dir='ltr'>utantur</span> <span class='ocrx_word' id='word_1_33' title='bbox 885 526 978 590; x_wconf 81' lang='grc' dir='ltr'>(ι).</span> 
     </span>
    </p>

    <p class='ocr_par' dir='ltr' id='par_1_3' title="bbox 108 602 1532 1370">
     <span class='ocr_line' id='line_1_6' title="bbox 174 602 1530 669; baseline 0.002 -21"><span class='ocrx_word' id='word_1_34' title='bbox 174 603 334 650; x_wconf 90' lang='lat' dir='ltr'>Sixtus</span> <span class='ocrx_word' id='word_1_35' title='bbox 352 603 572 660; x_wconf 88' lang='lat' dir='ltr'>Graecus,</span> <span class='ocrx_word' id='word_1_36' title='bbox 592 620 648 650; x_wconf 86' lang='lat' dir='ltr'>ex</span> <span class='ocrx_word' id='word_1_37' title='bbox 667 602 972 669; x_wconf 84' lang='lat' dir='ltr'>philosopho,</span> <span class='ocrx_word' id='word_1_38' title='bbox 995 605 1115 651; x_wconf 91' lang='lat' dir='ltr'>sedit</span> <span class='ocrx_word' id='word_1_39' title='bbox 1133 622 1262 652; x_wconf 89' lang='lat' dir='ltr'>anno</span> <span class='ocrx_word' id='word_1_40' title='bbox 1282 623 1380 652; x_wconf 89' lang='lat' dir='ltr'>uno</span> <span class='ocrx_word' id='word_1_41' title='bbox 1399 621 1530 652; x_wconf 89' lang='lat' dir='ltr'>men-</span> 
     </span>
     <span class='ocr_line' id='line_1_7' title="bbox 109 679 1529 747; baseline 0.002 -20"><span class='ocrx_word' id='word_1_42' title='bbox 109 679 238 728; x_wconf 89' lang='lat' dir='ltr'>sibus</span> <span class='ocrx_word' id='word_1_43' title='bbox 266 698 297 728; x_wconf 91' lang='lat' dir='ltr'>x</span> <span class='ocrx_word' id='word_1_44' title='bbox 320 681 487 729; x_wconf 87' lang='lat' dir='ltr'>diebus</span> <span class='ocrx_word' id='word_1_45' title='bbox 514 698 660 738; x_wconf 82' lang='lat' dir='ltr'>xxm,</span> <span class='ocrx_word' id='word_1_46' title='bbox 697 692 913 747; x_wconf 89' lang='lat' dir='ltr'>tempore</span> <span class='ocrx_word' id='word_1_47' title='bbox 949 682 1153 731; x_wconf 81' lang='lat' dir='ltr'>Gallieni</span> <span class='ocrx_word' id='word_1_48' title='bbox 1185 695 1233 731; x_wconf 88' lang='lat' dir='ltr'>et</span> <span class='ocrx_word' id='word_1_49' title='bbox 1263 685 1411 732; x_wconf 90' lang='lat' dir='ltr'>Decii.</span> <span class='ocrx_word' id='word_1_50' title='bbox 1442 685 1529 730; x_wconf 85' lang='lat' dir='ltr'>Hic</span> 
     </span>
     <span class='ocr_line' id='line_1_8' title="bbox 108 757 1530 824; baseline 0.003 -20"><span class='ocrx_word' id='word_1_51' title='bbox 108 757 276 805; x_wconf 72' lang='lat' dir='ltr'>statuit</span> <span class='ocrx_word' id='word_1_52' title='bbox 293 768 347 805; x_wconf 93' lang='lat' dir='ltr'>ut</span> <span class='ocrx_word' id='word_1_53' title='bbox 363 768 525 823; x_wconf 87' lang='lat' dir='ltr'>spreto</span> <span class='ocrx_word' id='word_1_54' title='bbox 544 760 743 824; x_wconf 86' lang='lat' dir='ltr'>proprio</span> <span class='ocrx_word' id='word_1_55' title='bbox 756 779 772 824; x_wconf 84' lang='lat' dir='ltr'>J</span> <span class='ocrx_word' id='word_1_56' title='bbox 781 760 915 808; x_wconf 88' lang='lat' dir='ltr'>udice</span> <span class='ocrx_word' id='word_1_57' title='bbox 935 759 991 807; x_wconf 87' lang='lat' dir='ltr'>ad</span> <span class='ocrx_word' id='word_1_58' title='bbox 1010 761 1158 807; x_wconf 89' lang='lat' dir='ltr'>alium</span> <span class='ocrx_word' id='word_1_59' title='bbox 1178 779 1428 808; x_wconf 83' lang='lat' dir='ltr'>recurrens</span> <span class='ocrx_word' id='word_1_60' title='bbox 1452 780 1530 808; x_wconf 82' lang='lat' dir='ltr'>cx-</span> 
     </span>
     <span class='ocr_line' id='line_1_9' title="bbox 110 837 1528 904; baseline 0.001 -21"><span class='ocrx_word' id='word_1_61' title='bbox 110 837 511 885; x_wconf 88' lang='lat' dir='ltr'>communicetur.</span> <span class='ocrx_word' id='word_1_62' title='bbox 546 837 759 885; x_wconf 86' lang='lat' dir='ltr'>Tandem</span> <span class='ocrx_word' id='word_1_63' title='bbox 786 848 892 885; x_wconf 76' lang='grc' dir='ltr'>νιιι0</span> <span class='ocrx_word' id='word_1_64' title='bbox 928 839 1029 886; x_wconf 90' lang='lat' dir='ltr'>idus</span> <span class='ocrx_word' id='word_1_65' title='bbox 1058 840 1241 904; x_wconf 76' lang='lat' dir='ltr'>augusti</span> <span class='ocrx_word' id='word_1_66' title='bbox 1268 838 1528 888; x_wconf 84' lang='lat' dir='ltr'>decollatus</span> 
     </span>
     <span class='ocr_line' id='line_1_10' title="bbox 109 914 1529 983; baseline 0.001 -22"><span class='ocrx_word' id='word_1_67' title='bbox 109 923 179 961; x_wconf 89' lang='lat' dir='ltr'>est</span> <span class='ocrx_word' id='word_1_68' title='bbox 202 931 312 961; x_wconf 86' lang='lat' dir='ltr'>cum</span> <span class='ocrx_word' id='word_1_69' title='bbox 331 931 410 962; x_wconf 88' lang='lat' dir='ltr'>sex</span> <span class='ocrx_word' id='word_1_70' title='bbox 428 914 707 963; x_wconf 88' lang='lat' dir='ltr'>diaconibus</span> <span class='ocrx_word' id='word_1_71' title='bbox 727 936 737 962; x_wconf 76' lang='grc' dir='ltr'><strong><em>ε</em></strong></span> <span class='ocrx_word' id='word_1_72' title='bbox 765 917 1078 974; x_wconf 88' lang='lat' dir='ltr'>Felicissimo,</span> <span class='ocrx_word' id='word_1_73' title='bbox 1100 918 1334 983; x_wconf 81' lang='lat' dir='ltr'>Agapito‚</span> <span class='ocrx_word' id='word_1_74' title='bbox 1360 919 1529 964; x_wconf 86' lang='lat' dir='ltr'>Janua-</span> 
     </span>
     <span class='ocr_line' id='line_1_11' title="bbox 108 990 1532 1059; baseline 0.002 -22"><span class='ocrx_word' id='word_1_75' title='bbox 108 990 210 1048; x_wconf 92' lang='lat' dir='ltr'>rio,</span> <span class='ocrx_word' id='word_1_76' title='bbox 244 991 443 1056; x_wconf 82' lang='lat' dir='ltr'>Magno,</span> <span class='ocrx_word' id='word_1_77' title='bbox 467 991 726 1041; x_wconf 89' lang='lat' dir='ltr'>Vincentio</span> <span class='ocrx_word' id='word_1_78' title='bbox 760 1005 807 1041; x_wconf 87' lang='lat' dir='ltr'>et</span> <span class='ocrx_word' id='word_1_79' title='bbox 833 994 1094 1059; x_wconf 87' lang='lat' dir='ltr'>Stephano;</span> <span class='ocrx_word' id='word_1_80' title='bbox 1131 1007 1178 1042; x_wconf 84' lang='lat' dir='ltr'>et</span> <span class='ocrx_word' id='word_1_81' title='bbox 1204 995 1397 1042; x_wconf 74' lang='lat' dir='ltr'>cessavit</span> <span class='ocrx_word' id='word_1_82' title='bbox 1427 995 1532 1059; x_wconf 90' lang='lat' dir='ltr'>epi-</span> 
     </span>
     <span class='ocr_line' id='line_1_12' title="bbox 108 1068 1531 1133; baseline 0.004 -18"><span class='ocrx_word' id='word_1_83' title='bbox 108 1080 329 1133; x_wconf 86' lang='lat' dir='ltr'>scopatus</span> <span class='ocrx_word' id='word_1_84' title='bbox 348 1068 514 1118; x_wconf 87' lang='lat' dir='ltr'>diebus</span> <span class='ocrx_word' id='word_1_85' title='bbox 537 1088 691 1119; x_wconf 82' lang='lat' dir='ltr'>xxxv.</span> <span class='ocrx_word' id='word_1_86' title='bbox 715 1073 853 1119; x_wconf 90' lang='lat' dir='ltr'>Tunc</span> <span class='ocrx_word' id='word_1_87' title='bbox 872 1075 1154 1122; x_wconf 85' lang='lat' dir='ltr'>Laurentius</span> <span class='ocrx_word' id='word_1_88' title='bbox 1171 1074 1531 1121; x_wconf 87' lang='lat' dir='ltr'>archidiaconus</span> 
     </span>
     <span class='ocr_line' id='line_1_13' title="bbox 109 1148 1532 1214; baseline 0.004 -20"><span class='ocrx_word' id='word_1_89' title='bbox 109 1159 156 1194; x_wconf 91' lang='lat' dir='ltr'>et</span> <span class='ocrx_word' id='word_1_90' title='bbox 181 1148 471 1214; x_wconf 84' lang='lat' dir='ltr'>Hippolytus</span> <span class='ocrx_word' id='word_1_91' title='bbox 496 1168 606 1197; x_wconf 92' lang='lat' dir='ltr'>cum</span> <span class='ocrx_word' id='word_1_92' title='bbox 627 1151 806 1199; x_wconf 87' lang='lat' dir='ltr'>familia</span> <span class='ocrx_word' id='word_1_93' title='bbox 825 1171 927 1211; x_wconf 91' lang='lat' dir='ltr'>sua,</span> <span class='ocrx_word' id='word_1_94' title='bbox 954 1152 1130 1201; x_wconf 86' lang='lat' dir='ltr'>Abdon</span> <span class='ocrx_word' id='word_1_95' title='bbox 1153 1165 1201 1200; x_wconf 88' lang='lat' dir='ltr'>et</span> <span class='ocrx_word' id='word_1_96' title='bbox 1227 1154 1405 1201; x_wconf 87' lang='lat' dir='ltr'>Sennes</span> <span class='ocrx_word' id='word_1_97' title='bbox 1424 1152 1532 1200; x_wconf 91' lang='lat' dir='ltr'>sub-</span> 
     </span>
     <span class='ocr_line' id='line_1_14' title="bbox 109 1226 1532 1296; baseline 0.005 -25"><span class='ocrx_word' id='word_1_98' title='bbox 109 1226 259 1290; x_wconf 84' lang='lat' dir='ltr'>reguli</span> <span class='ocrx_word' id='word_1_99' title='bbox 282 1227 531 1275; x_wconf 82' lang='lat' dir='ltr'>Persarum</span> <span class='ocrx_word' id='word_1_100' title='bbox 547 1268 559 1290; x_wconf 86' lang='lat'>,</span> <span class='ocrx_word' id='word_1_101' title='bbox 580 1229 754 1296; x_wconf 87' lang='lat' dir='ltr'>aliique</span> <span class='ocrx_word' id='word_1_102' title='bbox 772 1231 911 1277; x_wconf 88' lang='lat' dir='ltr'>multi</span> <span class='ocrx_word' id='word_1_103' title='bbox 935 1231 1128 1279; x_wconf 88' lang='lat' dir='ltr'>diversis</span> <span class='ocrx_word' id='word_1_104' title='bbox 1148 1231 1390 1296; x_wconf 89' lang='lat' dir='ltr'>suppliciis</span> <span class='ocrx_word' id='word_1_105' title='bbox 1407 1249 1532 1278; x_wconf 87' lang='lat' dir='ltr'>mar-</span> 
     </span>
     <span class='ocr_line' id='line_1_15' title="bbox 111 1303 552 1370; baseline 0.011 -22"><span class='ocrx_word' id='word_1_106' title='bbox 111 1303 298 1368; x_wconf 72' lang='lat' dir='ltr'>tyrizati</span> <span class='ocrx_word' id='word_1_107' title='bbox 324 1316 436 1352; x_wconf 83' lang='lat' dir='ltr'>sunt</span> <span class='ocrx_word' id='word_1_108' title='bbox 458 1307 552 1370; x_wconf 86' lang='lat'><strong>(2).</strong></span> 
     </span>
    </p>

    <p class='ocr_par' dir='ltr' id='par_1_4' title="bbox 110 1382 1535 1609">
     <span class='ocr_line' id='line_1_16' title="bbox 173 1382 1531 1448; baseline 0.003 -20"><span class='ocrx_word' id='word_1_109' title='bbox 173 1382 459 1448; x_wconf 84' lang='lat' dir='ltr'>Dionysius,</span> <span class='ocrx_word' id='word_1_110' title='bbox 486 1402 545 1432; x_wconf 85' lang='lat' dir='ltr'>ex</span> <span class='ocrx_word' id='word_1_111' title='bbox 566 1385 829 1444; x_wconf 86' lang='lat' dir='ltr'>monacho,</span> <span class='ocrx_word' id='word_1_112' title='bbox 857 1386 978 1434; x_wconf 92' lang='lat' dir='ltr'>sedit</span> <span class='ocrx_word' id='word_1_113' title='bbox 1002 1387 1138 1433; x_wconf 90' lang='lat' dir='ltr'>annis</span> <span class='ocrx_word' id='word_1_114' title='bbox 1158 1403 1206 1433; x_wconf 80' lang='lat' dir='ltr'>Vl</span> <span class='ocrx_word' id='word_1_115' title='bbox 1229 1385 1473 1434; x_wconf 90' lang='lat' dir='ltr'>mensibus</span> <span class='ocrx_word' id='word_1_116' title='bbox 1499 1403 1531 1432; x_wconf 85' lang='grc' dir='ltr'>ιι</span> 
     </span>
     <span class='ocr_line' id='line_1_17' title="bbox 110 1458 1530 1530; baseline 0.004 -24"><span class='ocrx_word' id='word_1_117' title='bbox 110 1458 276 1508; x_wconf 89' lang='lat' dir='ltr'>diebus</span> <span class='ocrx_word' id='word_1_118' title='bbox 312 1479 378 1509; x_wconf 77' lang='lat' dir='ltr'>lv.</span> <span class='ocrx_word' id='word_1_119' title='bbox 406 1463 494 1510; x_wconf 91' lang='lat' dir='ltr'>Hic</span> <span class='ocrx_word' id='word_1_120' title='bbox 525 1464 816 1530; x_wconf 87' lang='lat' dir='ltr'>presbyteris</span> <span class='ocrx_word' id='word_1_121' title='bbox 847 1466 1060 1513; x_wconf 86' lang='lat' dir='ltr'>ecclesias</span> <span class='ocrx_word' id='word_1_122' title='bbox 1083 1465 1212 1513; x_wconf 89' lang='lat' dir='ltr'>dedit</span> <span class='ocrx_word' id='word_1_123' title='bbox 1230 1503 1242 1523; x_wconf 92' lang='lat'>‚</span> <span class='ocrx_word' id='word_1_124' title='bbox 1271 1466 1530 1522; x_wconf 83' lang='lat' dir='ltr'>cimiteria,</span> 
     </span>
     <span class='ocr_line' id='line_1_18' title="bbox 110 1538 1535 1609; baseline 0.004 -25"><span class='ocrx_word' id='word_1_125' title='bbox 110 1538 382 1602; x_wconf 82' lang='lat' dir='ltr'>parrochias</span> <span class='ocrx_word' id='word_1_126' title='bbox 426 1551 473 1587; x_wconf 88' lang='lat' dir='ltr'>et</span> <span class='ocrx_word' id='word_1_127' title='bbox 511 1542 736 1591; x_wconf 87' lang='lat' dir='ltr'>dioeceses</span> <span class='ocrx_word' id='word_1_128' title='bbox 780 1544 1048 1590; x_wconf 88' lang='lat' dir='ltr'>constituit.</span> <span class='ocrx_word' id='word_1_129' title='bbox 1089 1544 1426 1609; x_wconf 69' lang='lat' dir='ltr'>Martyrizatus</span> <span class='ocrx_word' id='word_1_130' title='bbox 1465 1554 1535 1590; x_wconf 89' lang='lat' dir='ltr'>est</span> 
     </span>
    </p>
   </div>
   <div class='ocr_carea' id='block_1_3' title="bbox 110 1705 1543 2775">
    <p class='ocr_par' dir='ltr' id='par_1_5' title="bbox 110 1705 1539 2039">
     <span class='ocr_line' id='line_1_19' title="bbox 156 1705 1537 1758; baseline 0.004 -19"><span class='ocrx_word' id='word_1_131' title='bbox 156 1706 208 1750; x_wconf 84' lang='lat' dir='ltr'>(t)</span> <span class='ocrx_word' id='word_1_132' title='bbox 233 1706 350 1751; x_wconf 81' lang='lat' dir='ltr'>(Mars</span> <span class='ocrx_word' id='word_1_133' title='bbox 368 1705 478 1742; x_wconf 80' lang='lat'>255—2</span> <span class='ocrx_word' id='word_1_134' title='bbox 498 1707 585 1742; x_wconf 71' lang='lat' dir='ltr'>aout</span> <span class='ocrx_word' id='word_1_135' title='bbox 598 1707 696 1756; x_wconf 79' lang='lat'><strong><em>257.)</em></strong></span> <span class='ocrx_word' id='word_1_136' title='bbox 714 1709 815 1744; x_wconf 79' lang='lat' dir='ltr'>Nous</span> <span class='ocrx_word' id='word_1_137' title='bbox 830 1722 986 1756; x_wconf 86' lang='lat' dir='ltr'>pensons</span> <span class='ocrx_word' id='word_1_138' title='bbox 1002 1722 1074 1758; x_wconf 91' lang='lat' dir='ltr'>que</span> <span class='ocrx_word' id='word_1_139' title='bbox 1091 1711 1124 1745; x_wconf 92' lang='lat' dir='ltr'>le</span> <span class='ocrx_word' id='word_1_140' title='bbox 1142 1723 1369 1758; x_wconf 77' lang='lat' dir='ltr'>personnage</span> <span class='ocrx_word' id='word_1_141' title='bbox 1389 1714 1537 1747; x_wconf 74' lang='lat' dir='ltr'>nonime</span> 
     </span>
     <span class='ocr_line' id='line_1_20' title="bbox 110 1764 1537 1812; baseline 0.006 -14"><span class='ocrx_word' id='word_1_142' title='bbox 110 1764 286 1808; x_wconf 84' lang='lat' dir='ltr'>Maxime,</span> <span class='ocrx_word' id='word_1_143' title='bbox 307 1766 369 1812; x_wconf 82' lang='lat' dir='ltr'>qui</span> <span class='ocrx_word' id='word_1_144' title='bbox 391 1766 507 1812; x_wconf 84' lang='lat' dir='ltr'>figure</span> <span class='ocrx_word' id='word_1_145' title='bbox 528 1767 574 1800; x_wconf 90' lang='lat' dir='ltr'>ici</span> <span class='ocrx_word' id='word_1_146' title='bbox 594 1769 613 1800; x_wconf 73' lang='lat' dir='ltr'>a</span> <span class='ocrx_word' id='word_1_147' title='bbox 630 1767 662 1801; x_wconf 83' lang='lat' dir='ltr'>la</span> <span class='ocrx_word' id='word_1_148' title='bbox 687 1768 780 1802; x_wconf 88' lang='lat' dir='ltr'>suite</span> <span class='ocrx_word' id='word_1_149' title='bbox 797 1767 842 1802; x_wconf 91' lang='lat' dir='ltr'>de</span> <span class='ocrx_word' id='word_1_150' title='bbox 863 1768 1036 1803; x_wconf 72' lang='lat' dir='ltr'>Valerien</span> <span class='ocrx_word' id='word_1_151' title='bbox 1055 1775 1092 1803; x_wconf 78' lang='lat' dir='ltr'>ct</span> <span class='ocrx_word' id='word_1_152' title='bbox 1109 1769 1154 1803; x_wconf 89' lang='lat' dir='ltr'>de</span> <span class='ocrx_word' id='word_1_153' title='bbox 1173 1769 1339 1812; x_wconf 67' lang='lat' dir='ltr'>Gallieni,</span> <span class='ocrx_word' id='word_1_154' title='bbox 1360 1769 1440 1804; x_wconf 84' lang='lat' dir='ltr'>doit</span> <span class='ocrx_word' id='word_1_155' title='bbox 1459 1771 1537 1806; x_wconf 66' lang='lat' dir='ltr'>etse</span> 
     </span>
     <span class='ocr_line' id='line_1_21' title="bbox 111 1822 1536 1876; baseline 0.005 -19"><span class='ocrx_word' id='word_1_156' title='bbox 111 1822 245 1858; x_wconf 59' lang='lat' dir='ltr'>Gali-re</span> <span class='ocrx_word' id='word_1_157' title='bbox 263 1824 439 1865; x_wconf 80' lang='lat' dir='ltr'>Maxime,</span> <span class='ocrx_word' id='word_1_158' title='bbox 458 1826 655 1871; x_wconf 84' lang='lat' dir='ltr'>proconsul</span> <span class='ocrx_word' id='word_1_159' title='bbox 679 1826 888 1874; x_wconf 71' lang='lat' dir='ltr'>d&#39;Asrique,</span> <span class='ocrx_word' id='word_1_160' title='bbox 910 1829 974 1874; x_wconf 83' lang='lat' dir='ltr'>qui</span> <span class='ocrx_word' id='word_1_161' title='bbox 1001 1828 1039 1862; x_wconf 82' lang='lat' dir='ltr'>fit</span> <span class='ocrx_word' id='word_1_162' title='bbox 1058 1827 1244 1874; x_wconf 80' lang='lat' dir='ltr'>decapiter</span> <span class='ocrx_word' id='word_1_163' title='bbox 1262 1829 1355 1863; x_wconf 82' lang='lat' dir='ltr'>saint</span> <span class='ocrx_word' id='word_1_164' title='bbox 1374 1830 1536 1876; x_wconf 56' lang='lat' dir='ltr'>Cupi-ion</span> 
     </span>
     <span class='ocr_line' id='line_1_22' title="bbox 111 1882 1537 1936; baseline 0.004 -18"><span class='ocrx_word' id='word_1_165' title='bbox 111 1896 158 1918; x_wconf 84' lang='lat' dir='ltr'>en</span> <span class='ocrx_word' id='word_1_166' title='bbox 177 1882 257 1919; x_wconf 83' lang='lat'><strong>258.</strong></span> <span class='ocrx_word' id='word_1_167' title='bbox 280 1884 380 1918; x_wconf 88' lang='lat' dir='ltr'>Tous</span> <span class='ocrx_word' id='word_1_168' title='bbox 404 1883 455 1917; x_wconf 81' lang='lat' dir='ltr'>les</span> <span class='ocrx_word' id='word_1_169' title='bbox 479 1896 724 1932; x_wconf 87' lang='lat' dir='ltr'>personnages</span> <span class='ocrx_word' id='word_1_170' title='bbox 752 1893 788 1921; x_wconf 90' lang='lat' dir='ltr'>et</span> <span class='ocrx_word' id='word_1_171' title='bbox 807 1886 858 1921; x_wconf 88' lang='lat' dir='ltr'>les</span> <span class='ocrx_word' id='word_1_172' title='bbox 883 1887 966 1921; x_wconf 80' lang='lat' dir='ltr'>faits</span> <span class='ocrx_word' id='word_1_173' title='bbox 992 1888 1223 1922; x_wconf 77' lang='lat' dir='ltr'>mentionnes</span> <span class='ocrx_word' id='word_1_174' title='bbox 1250 1887 1339 1924; x_wconf 83' lang='lat' dir='ltr'>dans</span> <span class='ocrx_word' id='word_1_175' title='bbox 1365 1902 1405 1924; x_wconf 89' lang='lat' dir='ltr'>ce</span> <span class='ocrx_word' id='word_1_176' title='bbox 1431 1903 1537 1936; x_wconf 74' lang='lat' dir='ltr'>pru-a-</span> 
     </span>
     <span class='ocr_line' id='line_1_23' title="bbox 114 1944 1539 1994; baseline 0.004 -16"><span class='ocrx_word' id='word_1_177' title='bbox 114 1944 252 1991; x_wconf 82' lang='lat' dir='ltr'>graphe</span> <span class='ocrx_word' id='word_1_178' title='bbox 283 1945 385 1979; x_wconf 86' lang='lat' dir='ltr'>n’ont</span> <span class='ocrx_word' id='word_1_179' title='bbox 418 1957 559 1980; x_wconf 87' lang='lat' dir='ltr'>aucune</span> <span class='ocrx_word' id='word_1_180' title='bbox 587 1945 829 1981; x_wconf 79' lang='lat' dir='ltr'>authenticite</span> <span class='ocrx_word' id='word_1_181' title='bbox 845 1974 853 1989; x_wconf 91' lang='lat'>‚</span> <span class='ocrx_word' id='word_1_182' title='bbox 883 1960 906 1994; x_wconf 89' lang='lat' dir='ltr'>y</span> <span class='ocrx_word' id='word_1_183' title='bbox 933 1948 1092 1994; x_wconf 82' lang='lat' dir='ltr'>compris</span> <span class='ocrx_word' id='word_1_184' title='bbox 1118 1947 1151 1982; x_wconf 90' lang='lat' dir='ltr'>le</span> <span class='ocrx_word' id='word_1_185' title='bbox 1179 1955 1338 1994; x_wconf 74' lang='lat' dir='ltr'>martyre</span> <span class='ocrx_word' id='word_1_186' title='bbox 1370 1949 1416 1983; x_wconf 90' lang='lat' dir='ltr'>de</span> <span class='ocrx_word' id='word_1_187' title='bbox 1444 1950 1539 1986; x_wconf 77' lang='lat' dir='ltr'>saint</span> 
     </span>
     <span class='ocr_line' id='line_1_24' title="bbox 116 1996 421 2039; baseline -0.003 0"><span class='ocrx_word' id='word_1_188' title='bbox 116 1996 269 2039; x_wconf 78' lang='lat' dir='ltr'>Etienne</span> <span class='ocrx_word' id='word_1_189' title='bbox 288 2005 421 2039; x_wconf 73' lang='lat' dir='ltr'>meme.</span> 
     </span>
    </p>

    <p class='ocr_par' dir='ltr' id='par_1_6' title="bbox 113 2064 1543 2775">
     <span class='ocr_line' id='line_1_25' title="bbox 161 2064 1539 2115; baseline 0.004 -16"><span class='ocrx_word' id='word_1_190' title='bbox 161 2068 213 2110; x_wconf 77' lang='lat' dir='ltr'>(a)</span> <span class='ocrx_word' id='word_1_191' title='bbox 239 2067 298 2111; x_wconf 72' lang='lat'>(24</span> <span class='ocrx_word' id='word_1_192' title='bbox 315 2065 401 2100; x_wconf 75' lang='lat' dir='ltr'>aout</span> <span class='ocrx_word' id='word_1_193' title='bbox 415 2064 527 2113; x_wconf 78' lang='lat'>257-6</span> <span class='ocrx_word' id='word_1_194' title='bbox 543 2066 630 2101; x_wconf 75' lang='lat' dir='ltr'>aoi&#39;it</span> <span class='ocrx_word' id='word_1_195' title='bbox 645 2065 743 2112; x_wconf 80' lang='lat'>258.)</span> <span class='ocrx_word' id='word_1_196' title='bbox 758 2066 854 2101; x_wconf 87' lang='lat' dir='ltr'>C&#39;est</span> <span class='ocrx_word' id='word_1_197' title='bbox 872 2079 936 2114; x_wconf 79' lang='lat' dir='ltr'>par</span> <span class='ocrx_word' id='word_1_198' title='bbox 950 2068 1141 2103; x_wconf 78' lang='lat' dir='ltr'>confusion</span> <span class='ocrx_word' id='word_1_199' title='bbox 1156 2080 1239 2102; x_wconf 84' lang='lat' dir='ltr'>avec</span> <span class='ocrx_word' id='word_1_200' title='bbox 1258 2081 1306 2102; x_wconf 91' lang='lat' dir='ltr'>un</span> <span class='ocrx_word' id='word_1_201' title='bbox 1327 2069 1539 2115; x_wconf 69' lang='lat' dir='ltr'>pythagori-</span> 
     </span>
     <span class='ocr_line' id='line_1_26' title="bbox 113 2126 1539 2176; baseline 0.001 -15"><span class='ocrx_word' id='word_1_202' title='bbox 113 2126 194 2161; x_wconf 89' lang='lat' dir='ltr'>cien</span> <span class='ocrx_word' id='word_1_203' title='bbox 209 2130 357 2163; x_wconf 81' lang='lat' dir='ltr'>nomme</span> <span class='ocrx_word' id='word_1_204' title='bbox 378 2127 491 2172; x_wconf 65' lang='lat' dir='ltr'>Xyste</span> <span class='ocrx_word' id='word_1_205' title='bbox 506 2139 552 2161; x_wconf 87' lang='lat' dir='ltr'>on</span> <span class='ocrx_word' id='word_1_206' title='bbox 569 2128 694 2171; x_wconf 80' lang='lat' dir='ltr'>Sexte,</span> <span class='ocrx_word' id='word_1_207' title='bbox 717 2140 789 2175; x_wconf 89' lang='lat' dir='ltr'>que</span> <span class='ocrx_word' id='word_1_208' title='bbox 809 2128 902 2162; x_wconf 83' lang='lat' dir='ltr'>saint</span> <span class='ocrx_word' id='word_1_209' title='bbox 920 2128 1020 2163; x_wconf 83' lang='lat' dir='ltr'>Sixte</span> <span class='ocrx_word' id='word_1_210' title='bbox 1037 2129 1071 2162; x_wconf 85' lang='lat'>11</span> <span class='ocrx_word' id='word_1_211' title='bbox 1091 2135 1144 2163; x_wconf 82' lang='lat' dir='ltr'>est</span> <span class='ocrx_word' id='word_1_212' title='bbox 1163 2129 1310 2176; x_wconf 73' lang='lat' dir='ltr'>qualifie</span> <span class='ocrx_word' id='word_1_213' title='bbox 1329 2129 1372 2163; x_wconf 92' lang='lat' dir='ltr'>ici</span> <span class='ocrx_word' id='word_1_214' title='bbox 1393 2129 1437 2163; x_wconf 85' lang='lat' dir='ltr'>de</span> <span class='ocrx_word' id='word_1_215' title='bbox 1456 2142 1539 2175; x_wconf 70' lang='lat' dir='ltr'>grec</span> 
     </span>
     <span class='ocr_line' id='line_1_27' title="bbox 114 2185 1540 2235; baseline 0.003 -15"><span class='ocrx_word' id='word_1_216' title='bbox 114 2193 151 2221; x_wconf 91' lang='lat' dir='ltr'>et</span> <span class='ocrx_word' id='word_1_217' title='bbox 168 2185 333 2221; x_wconf 84' lang='lat' dir='ltr'>d&#39;ancien</span> <span class='ocrx_word' id='word_1_218' title='bbox 353 2186 571 2234; x_wconf 79' lang='lat' dir='ltr'>philosophe</span> <span class='ocrx_word' id='word_1_219' title='bbox 603 2188 675 2222; x_wconf 77' lang='lat' dir='ltr'>Son</span> <span class='ocrx_word' id='word_1_220' title='bbox 698 2188 887 2235; x_wconf 84' lang='lat' dir='ltr'>pontificat</span> <span class='ocrx_word' id='word_1_221' title='bbox 906 2188 961 2223; x_wconf 88' lang='lat' dir='ltr'>n’a</span> <span class='ocrx_word' id='word_1_222' title='bbox 980 2188 1084 2235; x_wconf 90' lang='lat' dir='ltr'>point</span> <span class='ocrx_word' id='word_1_223' title='bbox 1104 2190 1162 2222; x_wconf 70' lang='lat' dir='ltr'>ete</span> <span class='ocrx_word' id='word_1_224' title='bbox 1181 2190 1457 2235; x_wconf 76' lang='lat' dir='ltr'>contempni-ain</span> <span class='ocrx_word' id='word_1_225' title='bbox 1477 2188 1540 2224; x_wconf 84' lang='lat' dir='ltr'>des</span> 
     </span>
     <span class='ocr_line' id='line_1_28' title="bbox 114 2245 1541 2292; baseline 0.001 -12"><span class='ocrx_word' id='word_1_226' title='bbox 114 2246 245 2292; x_wconf 81' lang='lat' dir='ltr'>regnes</span> <span class='ocrx_word' id='word_1_227' title='bbox 270 2245 315 2280; x_wconf 92' lang='lat' dir='ltr'>de</span> <span class='ocrx_word' id='word_1_228' title='bbox 333 2245 478 2280; x_wconf 71' lang='lat' dir='ltr'>Gallien</span> <span class='ocrx_word' id='word_1_229' title='bbox 497 2252 533 2280; x_wconf 87' lang='lat' dir='ltr'>et</span> <span class='ocrx_word' id='word_1_230' title='bbox 553 2246 664 2288; x_wconf 79' lang='lat' dir='ltr'>1)‹·›ce,</span> <span class='ocrx_word' id='word_1_231' title='bbox 687 2247 776 2281; x_wconf 80' lang='lat' dir='ltr'>mais</span> <span class='ocrx_word' id='word_1_232' title='bbox 798 2246 844 2281; x_wconf 82' lang='lat' dir='ltr'>(le</span> <span class='ocrx_word' id='word_1_233' title='bbox 865 2259 954 2282; x_wconf 86' lang='lat' dir='ltr'>ceux</span> <span class='ocrx_word' id='word_1_234' title='bbox 976 2246 1021 2281; x_wconf 90' lang='lat' dir='ltr'>de</span> <span class='ocrx_word' id='word_1_235' title='bbox 1040 2247 1212 2282; x_wconf 70' lang='lat' dir='ltr'>Valerii-n</span> <span class='ocrx_word' id='word_1_236' title='bbox 1237 2254 1273 2282; x_wconf 87' lang='lat' dir='ltr'>et</span> <span class='ocrx_word' id='word_1_237' title='bbox 1297 2247 1458 2283; x_wconf 79' lang='lat' dir='ltr'>Gallien.</span> <span class='ocrx_word' id='word_1_238' title='bbox 1478 2248 1541 2282; x_wconf 76' lang='lat' dir='ltr'>Ses</span> 
     </span>
     <span class='ocr_line' id='line_1_29' title="bbox 115 2303 1540 2353; baseline 0.002 -15"><span class='ocrx_word' id='word_1_239' title='bbox 115 2316 364 2351; x_wconf 77' lang='lat' dir='ltr'>compagnons</span> <span class='ocrx_word' id='word_1_240' title='bbox 379 2303 423 2338; x_wconf 85' lang='lat' dir='ltr'>de</span> <span class='ocrx_word' id='word_1_241' title='bbox 442 2311 603 2350; x_wconf 62' lang='lat' dir='ltr'>martyre</span> <span class='ocrx_word' id='word_1_242' title='bbox 623 2305 672 2339; x_wconf 75' lang='lat' dir='ltr'>les</span> <span class='ocrx_word' id='word_1_243' title='bbox 694 2305 773 2353; x_wconf 87' lang='lat' dir='ltr'>plus</span> <span class='ocrx_word' id='word_1_244' title='bbox 791 2306 1052 2353; x_wconf 79' lang='lat' dir='ltr'>authentiques</span> <span class='ocrx_word' id='word_1_245' title='bbox 1067 2313 1131 2340; x_wconf 90' lang='lat' dir='ltr'>ont</span> <span class='ocrx_word' id='word_1_246' title='bbox 1147 2308 1205 2340; x_wconf 75' lang='lat' dir='ltr'>ete&#39;</span> <span class='ocrx_word' id='word_1_247' title='bbox 1224 2305 1273 2340; x_wconf 87' lang='lat' dir='ltr'>les</span> <span class='ocrx_word' id='word_1_248' title='bbox 1287 2306 1428 2341; x_wconf 74' lang='lat' dir='ltr'>‹liam-os</span> <span class='ocrx_word' id='word_1_249' title='bbox 1444 2306 1540 2341; x_wconf 79' lang='lat' dir='ltr'>Feli-</span> 
     </span>
     <span class='ocr_line' id='line_1_30' title="bbox 114 2365 1542 2414; baseline 0.001 -15"><span class='ocrx_word' id='word_1_250' title='bbox 114 2365 260 2400; x_wconf 89' lang='lat' dir='ltr'>cissime</span> <span class='ocrx_word' id='word_1_251' title='bbox 281 2371 317 2399; x_wconf 83' lang='lat' dir='ltr'>ct</span> <span class='ocrx_word' id='word_1_252' title='bbox 336 2366 491 2411; x_wconf 82' lang='lat' dir='ltr'>Agapet.</span> <span class='ocrx_word' id='word_1_253' title='bbox 509 2365 612 2399; x_wconf 78' lang='lat' dir='ltr'>Saint</span> <span class='ocrx_word' id='word_1_254' title='bbox 633 2367 790 2401; x_wconf 77' lang='lat' dir='ltr'>Laurent</span> <span class='ocrx_word' id='word_1_255' title='bbox 809 2366 905 2401; x_wconf 83' lang='lat' dir='ltr'>subit</span> <span class='ocrx_word' id='word_1_256' title='bbox 930 2366 962 2401; x_wconf 88' lang='lat' dir='ltr'>le</span> <span class='ocrx_word' id='word_1_257' title='bbox 986 2374 1147 2414; x_wconf 78' lang='lat' dir='ltr'>martyre</span> <span class='ocrx_word' id='word_1_258' title='bbox 1166 2373 1297 2414; x_wconf 80' lang='lat' dir='ltr'>quatre</span> <span class='ocrx_word' id='word_1_259' title='bbox 1309 2367 1414 2413; x_wconf 74' lang='lat' dir='ltr'>joui-s</span> <span class='ocrx_word' id='word_1_260' title='bbox 1438 2368 1542 2414; x_wconf 69' lang='lat' dir='ltr'>apri-s</span> 
     </span>
     <span class='ocr_line' id='line_1_31' title="bbox 117 2423 1542 2475; baseline 0.002 -16"><span class='ocrx_word' id='word_1_261' title='bbox 117 2423 190 2467; x_wconf 84' lang='lat' dir='ltr'>lui,</span> <span class='ocrx_word' id='word_1_262' title='bbox 210 2424 243 2459; x_wconf 90' lang='lat' dir='ltr'>le</span> <span class='ocrx_word' id='word_1_263' title='bbox 262 2437 302 2459; x_wconf 82' lang='lat'>10</span> <span class='ocrx_word' id='word_1_264' title='bbox 319 2423 424 2467; x_wconf 70' lang='lat' dir='ltr'>amit,</span> <span class='ocrx_word' id='word_1_265' title='bbox 443 2432 478 2459; x_wconf 86' lang='lat' dir='ltr'>et</span> <span class='ocrx_word' id='word_1_266' title='bbox 498 2426 592 2459; x_wconf 85' lang='lat' dir='ltr'>saint</span> <span class='ocrx_word' id='word_1_267' title='bbox 611 2426 831 2473; x_wconf 64' lang='lat' dir='ltr'>Hippolyte,</span> <span class='ocrx_word' id='word_1_268' title='bbox 852 2427 993 2474; x_wconf 69' lang='lat' dir='ltr'>pretre,</span> <span class='ocrx_word' id='word_1_269' title='bbox 1013 2427 1046 2462; x_wconf 92' lang='lat' dir='ltr'>le</span> <span class='ocrx_word' id='word_1_270' title='bbox 1068 2426 1118 2462; x_wconf 77' lang='lat'>15.</span> <span class='ocrx_word' id='word_1_271' title='bbox 1145 2429 1234 2462; x_wconf 79' lang='lat' dir='ltr'>Mais</span> <span class='ocrx_word' id='word_1_272' title='bbox 1253 2427 1278 2462; x_wconf 92' lang='lat' dir='ltr'>il</span> <span class='ocrx_word' id='word_1_273' title='bbox 1296 2434 1350 2462; x_wconf 82' lang='lat' dir='ltr'>est</span> <span class='ocrx_word' id='word_1_274' title='bbox 1369 2427 1542 2475; x_wconf 72' lang='lat' dir='ltr'>probabis:</span> 
     </span>
     <span class='ocr_line' id='line_1_32' title="bbox 116 2485 1543 2535; baseline 0.001 -15"><span class='ocrx_word' id='word_1_275' title='bbox 116 2495 189 2531; x_wconf 85' lang='lat' dir='ltr'>que</span> <span class='ocrx_word' id='word_1_276' title='bbox 215 2491 320 2520; x_wconf 83' lang='lat' dir='ltr'>notre</span> <span class='ocrx_word' id='word_1_277' title='bbox 345 2492 477 2519; x_wconf 77' lang='lat' dir='ltr'>auteur</span> <span class='ocrx_word' id='word_1_278' title='bbox 498 2492 582 2519; x_wconf 87' lang='lat' dir='ltr'>veut</span> <span class='ocrx_word' id='word_1_279' title='bbox 609 2485 729 2532; x_wconf 84' lang='lat' dir='ltr'>parler</span> <span class='ocrx_word' id='word_1_280' title='bbox 754 2486 840 2521; x_wconf 91' lang='lat' dir='ltr'>d&#39;un</span> <span class='ocrx_word' id='word_1_281' title='bbox 867 2494 971 2522; x_wconf 81' lang='lat' dir='ltr'>autre</span> <span class='ocrx_word' id='word_1_282' title='bbox 995 2489 1088 2522; x_wconf 86' lang='lat' dir='ltr'>saint</span> <span class='ocrx_word' id='word_1_283' title='bbox 1113 2488 1328 2535; x_wconf 66' lang='lat' dir='ltr'>Hippolyte,</span> <span class='ocrx_word' id='word_1_284' title='bbox 1352 2489 1543 2535; x_wconf 50' lang='lat' dir='ltr'>marty-risi*</span> 
     </span>
     <span class='ocr_line' id='line_1_33' title="bbox 118 2543 1542 2596; baseline 0.001 -17"><span class='ocrx_word' id='word_1_285' title='bbox 118 2543 208 2579; x_wconf 86' lang='lat' dir='ltr'>dans</span> <span class='ocrx_word' id='word_1_286' title='bbox 225 2545 276 2581; x_wconf 88' lang='lat' dir='ltr'>les</span> <span class='ocrx_word' id='word_1_287' title='bbox 295 2545 460 2581; x_wconf 82' lang='lat' dir='ltr'>derniers</span> <span class='ocrx_word' id='word_1_288' title='bbox 479 2547 570 2581; x_wconf 84' lang='lat' dir='ltr'>mois</span> <span class='ocrx_word' id='word_1_289' title='bbox 593 2546 639 2580; x_wconf 86' lang='lat' dir='ltr'>de</span> <span class='ocrx_word' id='word_1_290' title='bbox 663 2546 743 2596; x_wconf 70' lang='lat'>257,</span> <span class='ocrx_word' id='word_1_291' title='bbox 765 2560 848 2582; x_wconf 85' lang='lat' dir='ltr'>avec</span> <span class='ocrx_word' id='word_1_292' title='bbox 872 2547 1052 2594; x_wconf 76' lang='lat' dir='ltr'>plusieurs</span> <span class='ocrx_word' id='word_1_293' title='bbox 1072 2548 1254 2583; x_wconf 83' lang='lat' dir='ltr'>membres</span> <span class='ocrx_word' id='word_1_294' title='bbox 1272 2548 1318 2584; x_wconf 88' lang='lat' dir='ltr'>de</span> <span class='ocrx_word' id='word_1_295' title='bbox 1340 2561 1374 2582; x_wconf 82' lang='lat' dir='ltr'>sa</span> <span class='ocrx_word' id='word_1_296' title='bbox 1395 2547 1542 2582; x_wconf 83' lang='lat' dir='ltr'>samille.</span> 
     </span>
     <span class='ocr_line' id='line_1_34' title="bbox 118 2605 1543 2657; baseline 0.001 -18"><span class='ocrx_word' id='word_1_297' title='bbox 118 2605 246 2649; x_wconf 84' lang='lat' dir='ltr'>Quant</span> <span class='ocrx_word' id='word_1_298' title='bbox 263 2608 283 2640; x_wconf 78' lang='lat' dir='ltr'>&#39;a</span> <span class='ocrx_word' id='word_1_299' title='bbox 298 2606 393 2641; x_wconf 83' lang='lat' dir='ltr'>saint</span> <span class='ocrx_word' id='word_1_300' title='bbox 408 2606 541 2642; x_wconf 82' lang='lat' dir='ltr'>Abdon</span> <span class='ocrx_word' id='word_1_301' title='bbox 555 2614 592 2641; x_wconf 83' lang='lat' dir='ltr'>et</span> <span class='ocrx_word' id='word_1_302' title='bbox 610 2608 704 2642; x_wconf 86' lang='lat' dir='ltr'>saint</span> <span class='ocrx_word' id='word_1_303' title='bbox 717 2608 855 2642; x_wconf 59' lang='lat' dir='ltr'>Sanni-s</span> <span class='ocrx_word' id='word_1_304' title='bbox 869 2619 915 2642; x_wconf 93' lang='lat' dir='ltr'>ou</span> <span class='ocrx_word' id='word_1_305' title='bbox 935 2608 1099 2652; x_wconf 68' lang='lat' dir='ltr'>sennen,</span> <span class='ocrx_word' id='word_1_306' title='bbox 1121 2608 1164 2643; x_wconf 89' lang='lat' dir='ltr'>ils</span> <span class='ocrx_word' id='word_1_307' title='bbox 1181 2610 1463 2657; x_wconf 79' lang='lat' dir='ltr'>appartiennent</span> <span class='ocrx_word' id='word_1_308' title='bbox 1479 2609 1497 2641; x_wconf 73' lang='lat' dir='ltr'>ii</span> <span class='ocrx_word' id='word_1_309' title='bbox 1512 2608 1543 2642; x_wconf 74' lang='lat' dir='ltr'>lu</span> 
     </span>
     <span class='ocr_line' id='line_1_35' title="bbox 119 2665 1535 2710; baseline 0.001 -12"><span class='ocrx_word' id='word_1_310' title='bbox 119 2665 351 2710; x_wconf 72' lang='lat' dir='ltr'>persecution</span> <span class='ocrx_word' id='word_1_311' title='bbox 363 2665 409 2700; x_wconf 91' lang='lat' dir='ltr'>de</span> <span class='ocrx_word' id='word_1_312' title='bbox 422 2666 516 2701; x_wconf 70' lang='lat' dir='ltr'>Dece</span> <span class='ocrx_word' id='word_1_313' title='bbox 530 2679 574 2701; x_wconf 81' lang='lat' dir='ltr'>en</span> <span class='ocrx_word' id='word_1_314' title='bbox 590 2666 657 2701; x_wconf 68' lang='lat'>250</span> <span class='ocrx_word' id='word_1_315' title='bbox 669 2695 676 2706; x_wconf 88' lang='grc'>,</span> <span class='ocrx_word' id='word_1_316' title='bbox 692 2674 727 2701; x_wconf 69' lang='lat' dir='ltr'>vt</span> <span class='ocrx_word' id='word_1_317' title='bbox 739 2668 860 2702; x_wconf 78' lang='lat' dir='ltr'>sui-ent</span> <span class='ocrx_word' id='word_1_318' title='bbox 874 2670 1037 2702; x_wconf 64' lang='lat' dir='ltr'>rutel-res</span> <span class='ocrx_word' id='word_1_319' title='bbox 1050 2668 1140 2703; x_wconf 82' lang='lat' dir='ltr'>dans</span> <span class='ocrx_word' id='word_1_320' title='bbox 1152 2668 1184 2703; x_wconf 83' lang='lat' dir='ltr'>le</span> <span class='ocrx_word' id='word_1_321' title='bbox 1198 2669 1386 2703; x_wconf 62' lang='lat' dir='ltr'>eiinctiere</span> <span class='ocrx_word' id='word_1_322' title='bbox 1403 2667 1455 2701; x_wconf 80' lang='lat' dir='ltr'>ad</span> <span class='ocrx_word' id='word_1_323' title='bbox 1472 2668 1535 2702; x_wconf 70' lang='grc' dir='ltr'>Πι-Α</span> 
     </span>
     <span class='ocr_line' id='line_1_36' title="bbox 121 2725 1524 2775; baseline 0.002 -18"><span class='ocrx_word' id='word_1_324' title='bbox 121 2737 199 2758; x_wconf 72' lang='lat' dir='ltr'>sum</span> <span class='ocrx_word' id='word_1_325' title='bbox 217 2725 410 2771; x_wconf 75' lang='lat' dir='ltr'>pileamm,</span> <span class='ocrx_word' id='word_1_326' title='bbox 428 2738 489 2760; x_wconf 77' lang='lat' dir='ltr'>sur</span> <span class='ocrx_word' id='word_1_327' title='bbox 501 2726 532 2761; x_wconf 94' lang='lat' dir='ltr'>le</span> <span class='ocrx_word' id='word_1_328' title='bbox 543 2727 690 2762; x_wconf 83' lang='lat' dir='ltr'>chemin</span> <span class='ocrx_word' id='word_1_329' title='bbox 705 2727 750 2761; x_wconf 82' lang='lat' dir='ltr'>‹le</span> <span class='ocrx_word' id='word_1_330' title='bbox 764 2728 888 2765; x_wconf 77' lang='lat' dir='ltr'>Porto,</span> <span class='ocrx_word' id='word_1_331' title='bbox 906 2729 969 2775; x_wconf 83' lang='lat' dir='ltr'>qui</span> <span class='ocrx_word' id='word_1_332' title='bbox 983 2741 1000 2761; x_wconf 77' lang='lat' dir='ltr'>a</span> <span class='ocrx_word' id='word_1_333' title='bbox 1015 2728 1245 2775; x_wconf 78' lang='lat' dir='ltr'>quelquefnis</span> <span class='ocrx_word' id='word_1_334' title='bbox 1261 2728 1334 2774; x_wconf 79' lang='lat' dir='ltr'>pris</span> <span class='ocrx_word' id='word_1_335' title='bbox 1349 2726 1428 2761; x_wconf 78' lang='lat' dir='ltr'>leui·</span> <span class='ocrx_word' id='word_1_336' title='bbox 1442 2739 1524 2762; x_wconf 79' lang='lat' dir='ltr'>noni</span> 
     </span>
    </p>
   </div>
  </div>
 </body>
</html>
