1738 3043
130 163 207 202 424
494 164 736 203 HISTORIA
764 165 1165 207 ECCLESIASTICA.

194 243 403 306 Pelagius
422 243 661 290 Romanus
675 280 687 300 ‚
714 262 769 292 ex
793 256 925 309 patre
940 247 1122 295 Joanne
1139 247 1399 306 vicariano,
1420 249 1538 297 sedit

131 321 265 365 annis
307 336 351 364 xi
395 318 634 365 mensibus
677 337 706 366 x
748 319 910 367 diebus
952 339 1109 370 xxvn.
1153 324 1257 371 Duo
1301 325 1534 389 episcopi,

127 398 331 444 Joanncs
353 396 411 442 de
441 398 627 443 Perusia
661 409 705 444 et
739 400 896 446 Bonus
929 400 986 447 de
1013 401 1330 449 Reverentino
1359 402 1471 467 (1),
1492 412 1557 453 et.

126 475 337 522 Andreas
361 474 609 540 presbyter
631 475 688 523 de
712 477 838 523 Ostia
867 478 1018 542 ipsum
1042 478 1319 543 pontificem
1342 480 1540 527 ordina-

128 563 318 598 xerunt.
347 552 608 599 Multitudo
646 554 773 600 enim
806 555 1136 619 religiosorum
1155 592 1168 612 ‚
1196 557 1460 620 sapientum
1490 567 1540 604 et

127 629 366 677 nobilium
392 629 450 676 ab
475 634 570 690 ejus
595 633 935 680 communione
962 652 1008 680 sc
1032 632 1351 691 subtraxerat,
1379 633 1539 681 dicens

127 709 258 773 quod
284 709 493 773 Pelagius
521 710 566 755 in
592 721 747 757 morte
770 710 929 775 vigilii
951 729 1083 775 papae
1107 729 1153 758 sc
1177 711 1459 771 immiscuit,
1485 721 1540 758 ut
1563 734 1565 736 ·

127 786 270 832 tantis
294 787 451 850 poenis
475 787 775 851 affligeretur.
797 787 1007 852 Pelagius
1033 806 1146 853 crgo
1167 806 1284 853 papa
1307 799 1354 836 et
1372 788 1540 836 Narses

127 863 379 910 consilium
404 864 640 921 inierunt,
670 864 869 929 dataque
894 865 1062 911 letania
1092 865 1148 911 ad
1177 876 1393 912 sanctum
1414 867 1541 912 Pan-

126 941 355 996 cratium,
383 958 490 986 cum
516 940 707 1006 hymnis
731 952 778 988 et
801 943 994 989 canticis
1019 932 1368 1007 spiritualibus,
1394 960 1540 991 vene-

124 1030 242 1065 runt
254 1018 308 1065 ad
322 1029 535 1065 sanctum
548 1021 741 1066 Petrum
752 1021 1037 1085 apostolum.
1053 1022 1262 1087 Pelagius
1275 1039 1387 1069 vero
1402 1039 1537 1086 papa,

125 1107 290 1144 tenens
329 1097 639 1161 Evangelium
676 1109 722 1145 et
760 1116 948 1146 crucem
989 1099 1178 1146 Domini
1223 1117 1364 1164 super
1401 1108 1542 1162 caput

125 1192 290 1230 suum,
320 1175 368 1221 in
393 1175 598 1223 ambone
621 1176 853 1234 ascendit,
877 1187 923 1224 et
947 1177 1011 1223 sic
1039 1178 1170 1225 omni
1200 1177 1380 1242 populo
1403 1177 1540 1223 satis-

124 1252 239 1298 fecit
271 1253 379 1316 quia
407 1252 596 1298 nullum
623 1253 802 1299 malum
826 1255 1078 1319 peregisset
1105 1265 1270 1301 contra
1291 1253 1536 1318 vigilium.

124 1330 387 1395 Episcopos
425 1346 540 1376 xmx
580 1331 890 1377 consecravit.
932 1332 985 1377 111
1022 1330 1210 1377 basilica
1251 1329 1374 1378 beati
1415 1330 1540 1377 Petri

125 1409 324 1473 apostoli
353 1419 419 1455 νβ’
441 1427 590 1456 nonas
614 1409 770 1455 martii
798 1409 1007 1472 sepultus
1032 1421 1124 1466 est,
1151 1419 1197 1456 et
1222 1409 1415 1457 cessavit
1437 1408 1542 1472 epi-

125 1495 343 1548 scopatus
366 1484 606 1532 mensibus
631 1502 682 1530 111
701 1485 776 1549 (2)
801 1483 965 1531 diebus
988 1502 1088 1532 xxv
1107 1486 1193 1547 (3).

190 1562 394 1608 Joannes
415 1562 677 1617 Romanus,
705 1579 760 1608 ex
781 1571 912 1624 patre
936 1561 1180 1608 Anastasio
1206 1561 1403 1616 illustri,
1423 1559 1542 1607 sedit

126 1640 261 1686 annis
286 1656 352 1685 x11
384 1638 622 1685 mensibus
644 1655 692 1684 xi
718 1637 883 1685 diebus
905 1655 1043 1685 xxvl.
1073 1640 1210 1684 Tunc
1238 1638 1401 1686 Heruli
1427 1639 1541 1685 Sin-

126 1716 232 1763 dual
249 1716 335 1763 sibi
358 1734 515 1781 regem
535 1715 775 1772 fecerunt,
798 1726 845 1762 et
860 1732 1054 1762 omnem
1074 1715 1254 1761 Italiam
1272 1715 1542 1779 opprimere

128 1805 398 1859 coeperunt.
419 1793 508 1841 Sed
526 1793 712 1849 Narses,
729 1793 887 1840 occiso
906 1811 1031 1857 rege,
1047 1793 1248 1840 viriliter
1262 1791 1367 1839 illos
1383 1792 1543 1857 subju-

128 1874 271 1938 gavit.
301 1872 561 1937 Amingum
585 1889 775 1937 quoque
807 1880 854 1918 et
882 1871 1163 1918 Bucelinum
1178 1907 1192 1928 ,
1225 1871 1364 1918 duces
1388 1871 1543 1917 Fran-

128 1969 295 1998 corum
326 1961 593 2016 prementes
629 1949 833 2006 Italiam‚
861 1952 1056 2013 juvante
1086 1950 1188 1996 Deo
1224 1949 1453 2013 peremit,
1494 1957 1542 1996 et

127 2049 320 2078 omnem
345 2030 524 2076 Italiam
554 2029 601 2075 in
627 2046 739 2093 pace
763 2039 809 2076 et
839 2028 1003 2074 laetitia
1032 2027 1303 2074 custodivit.
1334 2026 1538 2074 Romani

127 2125 240 2156 vcro
258 2126 343 2173 per
357 2107 581 2154 invidiam
600 2124 708 2154 eum
729 2105 852 2172 apud
868 2106 1189 2153 Justinianum
1205 2113 1542 2153 accusaverunt

173 2372 223 2415 (1)
249 2371 346 2405 Lisez
370 2387 374 2403 :
399 2370 443 2404 dc
467 2370 674 2404 Ferentino.
696 2369 790 2406 C’est
807 2380 879 2403 une
897 2368 979 2403 ville
997 2367 1198 2416 episcopale
1216 2366 1262 2402 de
1281 2366 1316 2401 la
1330 2365 1537 2412 campagne

129 2431 174 2465 de
193 2430 323 2465 Rome.

173 2493 223 2538 (α)
248 2491 344 2525 Dans
368 2489 400 2524 le
424 2489 623 2524 manuscrit
645 2488 690 2523 de
715 2480 1002 2524 Saint-Evroult
1033 2487 1066 2523 le
1091 2486 1219 2523 chiffre
1244 2485 1306 2521 des
1330 2483 1421 2519 mois
1441 2495 1461 2517 a
1479 2483 1537 2518 e'te

128 2551 232 2584 omis.

172 2607 221 2652 (3)
248 2607 306 2652 (16
328 2606 415 2641 avril
439 2604 549 2640 555-2
575 2618 669 2640 mars
693 2605 792 2651 560.)
816 2605 878 2642 On
905 2612 1073 2640 trouvera
1094 2602 1288 2651 l'epitaphc
1313 2600 1358 2636 de
1381 2612 1421 2635 ce
1443 2609 1535 2646 pape

129 2669 216 2703 dans
236 2667 411 2711 Aringffl,
434 2666 547 2699 Romu
571 2666 821 2703 subterranea,
846 2678 876 2702 1.
901 2678 934 2711 p.
960 2664 1033 2699 161.
