1738 3043
174 207 251 247 422
541 208 781 246 HISTORIA
813 209 1210 249 ECCLESIASTICA.

172 288 397 351 suscepit,
434 287 685 350 patricium
719 298 765 334 et
798 289 1021 335 comitem
1051 288 1192 347 fecit,
1223 307 1275 336 ac
1300 292 1434 355 juxta
1467 291 1582 341 fines

171 364 419 409 Persarum
445 364 730 421 transmisit,
766 363 846 410 ubi
873 383 1020 430 usque
1052 365 1108 412 ad
1132 377 1338 414 mortem
1361 386 1584 432 perman-

171 442 247 486 sit.
268 440 544 487 Belisarium
563 458 756 506 quoque
774 443 1042 506 patricium,
1064 443 1166 490 data
1187 445 1227 491 ei
1246 445 1474 510 dignitate
1491 447 1582 493 mi-

170 519 335 575 litum,
370 519 607 583 Augustus
632 519 904 567 sublimavit
935 532 981 568 ct
1014 523 1062 568 in
1087 522 1295 570 Africam
1326 525 1472 572 misit.
1499 524 1584 573 Ille

169 614 282 644 vero
301 598 532 645 Guittarit
558 596 916 647 Guandalorum
935 617 1093 664 regem
1115 599 1202 647 sub
1221 601 1333 650 dolo
1352 603 1478 667 pacis
1504 602 1583 649 in-

171 674 383 731 terfecit,
406 685 455 721 et
477 674 686 722 Africam
709 686 817 740 post
835 694 983 723 annos
1006 693 1117 725 xmx
1138 678 1224 725 sub
1246 679 1486 744 republica
1506 696 1585 728 re-

168 752 322 817 degit3
357 753 654 818 Romamque
684 754 904 812 veniens,
943 754 999 801 de
1030 756 1190 820 spoliis
1226 755 1584 805 Guandalorum

166 830 314 877 multa
357 831 456 879 Deo
497 841 544 877 et
587 842 750 878 sancto
793 835 932 879 Petro
971 832 1350 900 pauperibusque
1391 827 1579 882 tribuit.

166 908 418 956 Theodora
445 910 658 974 Augusta
684 909 913 973 vigilium
931 928 1101 974 papam
1120 913 1306 976 scriptis
1328 923 1499 978 urguet
1513 913 1584 977 (1)

166 998 223 1033 ut
247 986 560 1033 Anthemium
585 985 945 1034 haeresiarcham
976 999 1183 1035 revocet.
1213 988 1350 1051 Quod
1374 988 1453 1036 ille
1476 1006 1584 1037 om-

166 1065 286 1111 nino
303 1064 487 1121 renuit,
508 1064 655 1110 immo
672 1064 956 1111 sententiam
975 1065 1374 1129 praedecessorum
1393 1066 1586 1114 irrefra-

164 1141 384 1208 gabiliter
401 1143 571 1190 tenuit.
592 1142 960 1207 Suggerentibus
980 1144 1124 1209 igitur
1142 1144 1311 1192 invidis
1331 1145 1583 1206 Romanis,

165 1231 213 1269 et
233 1238 400 1286 papam
425 1221 481 1268 de
503 1232 660 1268 morte
685 1222 870 1268 Silverii
899 1222 1030 1269 velut
1049 1222 1336 1270 homicidam
1358 1241 1585 1271 accusan-

167 1300 313 1357 tibus,
335 1299 598 1347 Anthemus
618 1299 775 1347 scribo
789 1298 856 1364 (2)
872 1301 1099 1358 mittitur,
1119 1313 1165 1348 et
1179 1301 1380 1367 vigilius
1398 1320 1514 1367 papa
1534 1303 1583 1349 in

167 1377 358 1424 ecclesia
380 1377 564 1423 Sauctae
586 1377 767 1423 Ceciliae
783 1377 985 1441 capitur,
1007 1396 1059 1424 ae
1073 1396 1158 1442 per
1175 1379 1381 1425 Siciliam
1397 1379 1584 1444 navigio

168 1455 640 1519 Constantinopolim
665 1455 872 1501 ducitur.
901 1456 989 1501 Per
1013 1455 1263 1502 biennium
1288 1455 1441 1503 Graeci
1468 1473 1585 1504 con-

168 1532 427 1579 tenderunt
449 1533 676 1596 augustali
710 1543 943 1596 potestate
974 1544 1027 1579 ut
1053 1533 1300 1580 haereticus
1334 1552 1585 1582 revocare-

169 1619 267 1665 tur,
290 1610 411 1654 sicut
435 1611 716 1672 promiserat
734 1609 847 1655 dum
871 1619 988 1655 esset
1010 1610 1057 1655 in
1081 1610 1355 1657 diaconatus
1378 1609 1579 1658 honore.

169 1687 260 1735 Sed
291 1705 407 1752 papa
438 1688 708 1734 nullatenus
738 1688 892 1734 voluit
921 1689 1201 1747 concedere,
1238 1701 1406 1755 optans
1437 1691 1583 1756 magis

167 1765 289 1812 bene
307 1766 429 1812 mori
446 1801 459 1824 ,
488 1783 630 1829 quam
648 1767 769 1813 male
786 1767 958 1813 vivere.
981 1766 1192 1814 Tandem
1204 1803 1217 1824 ,
1238 1778 1292 1814 ut
1309 1779 1418 1815 ante
1435 1769 1583 1815 Justi-

169 1843 367 1889 nianum
391 1852 438 1888 et
460 1841 765 1889 Theodoram
784 1852 1057 1890 constanter
1074 1843 1260 1890 locutus
1279 1843 1398 1902 fuit,
1419 1854 1466 1891 et
1481 1845 1587 1910 qui-

169 1919 277 1965 dam
297 1936 405 1965 cum
427 1917 617 1983 probris
643 1920 691 1966 in
714 1919 883 1966 faciem
903 1922 999 1984 ejus
1016 1920 1195 1984 alapam
1216 1919 1369 1979 dedit,
1396 1938 1512 1986 papa
1533 1921 1583 1969 in

169 1997 411 2045 ecclesiam
438 1998 621 2044 Sanctae
646 1997 924 2061 Euphemiae
949 1998 1006 2043 ad
1030 1999 1301 2045 columnam
1323 1999 1481 2045 altaris
1503 1999 1584 2046 fu-

169 2075 256 2139 git.
280 2074 369 2121 Sed
394 2074 501 2121 inde
520 2074 637 2121 soris
657 2076 851 2138 ejectus,
873 2083 920 2121 ct
937 2072 1051 2120 fune
1075 2075 1216 2122 misso
1241 2075 1290 2121 in
1311 2075 1436 2122 collo
1459 2077 1581 2140 ers,

169 2170 255 2216 per
298 2162 448 2199 totam
487 2151 655 2199 urbem
699 2169 849 2216 usque
888 2151 945 2198 ad
986 2169 1234 2216 vesperum
1273 2163 1450 2199 tractus
1495 2162 1581 2201 est.

169 2229 353 2277 Deinde
379 2230 426 2276 in
452 2240 578 2276 arcta
603 2229 813 2276 custodia
837 2229 1002 2275 missus
1033 2240 1102 2277 est
1118 2266 1133 2289 ,
1171 2240 1218 2277 et
1248 2230 1398 2277 clerus
1421 2248 1584 2278 roma-

171 2324 283 2363 nus,
310 2308 390 2371 qui
413 2324 520 2352 cum
538 2324 593 2353 eo
610 2317 823 2364 venerat,
846 2324 930 2370 per
948 2306 1127 2354 diversa
1145 2307 1332 2355 metalla
1351 2308 1582 2372 dispersus

170 2393 254 2431 est.
284 2385 421 2429 Tunc
439 2383 583 2430 Gothi
605 2383 816 2430 Vaduam
836 2384 1044 2431 Totilam
1058 2402 1217 2450 regem
1235 2384 1322 2431 sibi
1339 2384 1578 2444 fecerunt,

172 2479 257 2508 nec
291 2460 444 2507 multo
478 2471 585 2525 post
618 2463 818 2509 Romam
850 2461 1155 2510 obsederunt.
1189 2463 1348 2510 Fames
1384 2479 1496 2509 vero
1529 2463 1580 2509 in

217 2648 266 2691 (ι)
292 2646 389 2682 Lisez
413 2663 418 2679 r
443 2654 559 2693 urget.

218 2707 267 2750 (π’)
294 2708 357 2742 Les
376 2708 559 2742 scribones
578 2709 773 2744 ‹ztaientles
788 2712 889 2745 missi
901 2709 1072 2745 dominici
1087 2707 1149 2743 des
1167 2719 1376 2754 empereurs
1389 2707 1573 2744 d'Orient.
