1738 3043
614 189 767 229 LIBER
794 189 1072 230 SECUNDUS.
1473 193 1551 231 389

137 272 260 318 intra
286 272 521 319 actionem
548 272 596 319 in
621 271 801 337 populo
827 271 1062 337 hymnum
1088 271 1364 337 angelorum
1393 282 1440 320 ct
1464 271 1552 320 1ιο-

133 351 322 397 minum
345 349 564 398 decantet
595 371 604 396 :
643 350 879 408 Sanctus,
909 363 1130 410 sanctus,
1158 363 1354 398 sanctus
1381 350 1552 399 Domi—

135 445 225 473 nus
246 428 379 474 Deus
392 427 625 474 Sabaoth.
648 427 796 473 Pleni
812 438 922 473 sunt
940 428 1052 474 coeli
1067 439 1111 474 et
1131 439 1254 474 terra
1266 428 1430 492 gloria
1445 438 1552 485 tua,-

134 504 354 552 hoscmna
385 508 433 552 in
465 505 684 553 excelsis.
710 506 1004 552 Benedictus
1028 508 1114 571 qui
1138 508 1269 553 venit
1292 508 1342 553 in
1365 508 1555 554 nomine

136 584 338 630 Domini
348 606 369 640 ,·
393 584 614 631 hosanna
638 585 687 629 in
709 584 931 630 excelsis.
954 584 1251 632 Accusatoris
1272 585 1431 650 primo
1450 603 1557 650 per-

133 678 271 719 sona,
300 661 439 719 fides,
474 662 568 708 vita
604 671 651 709 et
681 665 978 709 conversatio
1014 662 1297 709 enucleatim
1332 680 1557 727 perscru—

135 749 280 786 tetur.
308 738 676 786 Accusatoribus
706 740 861 797 enim,
897 740 979 805 qui
1005 741 1216 787 veritatis
1246 740 1388 788 fidem
1415 741 1556 806 igno-

133 826 269 872 rant,
305 833 390 863 nec
423 826 566 863 rectae
600 817 976 864 conversationis
1002 817 1149 863 vitam
1180 816 1447 874 deducunt,
1476 835 1557 865 seu

132 892 215 957 qui
240 892 298 940 de
321 893 629 940 inimicorum
649 893 795 942 domo
815 905 1014 952 exeunt,
1037 894 1328 942 credendum
1346 913 1448 943 non
1468 906 1553 943 est.

133 968 350 1034 Denique
383 970 526 1017 nonis
562 970 724 1035 aprilis
765 972 1100 1037 martyrizatus
1142 982 1240 1031 est,
1282 982 1329 1020 et
1368 973 1561 1020 cessavit

133 1047 430 1111 episcopatus
455 1046 621 1095 diebus
647 1065 731 1096 X1v
759 1050 852 1113 (1).'

200 1125 519 1190 Telesphorus
555 1125 749 1174 Graecus
797 1127 917 1175 sedit
959 1129 1095 1174 annis
1133 1144 1183 1175 xl
1228 1128 1471 1175 mensibus
1507 1145 1558 1176 111

132 1203 298 1252 diebus
324 1222 430 1262 xxi,
467 1216 682 1270 tempore
711 1206 948 1254 Antonini
971 1218 1018 1254 et
1042 1207 1209 1254 Marci.
1238 1208 1325 1253 Hic
1350 1207 1561 1255 decrevit

134 1293 187 1328 ut
210 1292 388 1346 septem
415 1281 722 1330 hebdomadis
740 1285 977 1347 jejunium
1011 1295 1121 1331 ante
1152 1284 1321 1332 Pascha
1350 1284 1561 1333 celebre-

135 1369 231 1415 tur,
257 1360 304 1405 in
325 1359 479 1406 natale
498 1360 690 1407 Domini
714 1371 862 1408 noctu
881 1363 1017 1408 missa
1037 1372 1252 1419 canatur,
1276 1363 1323 1409 in
1346 1363 1558 1428 ingressu

134 1437 347 1484 sacrificii
369 1437 577 1503 hymnus
597 1438 875 1504 angelorum
889 1475 901 1495 ,
927 1439 974 1485 id
994 1449 1063 1486 est
1087 1440 1259 1487 Gloria
1281 1442 1331 1486 in
1354 1441 1559 1488 excelsis

131 1517 262 1572 Deo,
279 1515 480 1562 dicatur.
503 1515 717 1563 Tandem
735 1517 1070 1582 martyrizatus
1089 1527 1159 1564 est
1176 1518 1318 1566 nonis
1332 1519 1558 1582 januarii,

133 1604 179 1641 ct
203 1594 398 1640 cessavit
422 1594 719 1658 episcopatus
741 1593 909 1641 diebus
932 1611 1000 1641 vn
1029 1595 1116 1659 (2).

198 1673 414 1737 Hyginus
434 1672 763 1731 Atheniensis,
790 1691 846 1721 ex
865 1672 1181 1738 philosopho,
1210 1674 1329 1721 sedit
1354 1676 1491 1722 annis
1512 1693 1557 1722 ιν

133 1749 374 1797 mensibus
409 1767 461 1795 111
495 1749 660 1797 diebus
690 1767 766 1807 lv,
801 1761 1018 1814 tempore
1046 1751 1160 1799 Veri
1193 1762 1240 1798 et
1267 1753 1440 1799 Marci.
1469 1754 1556 1800 Hic

134 1829 364 1875 nimirum
397 1829 551 1874 sanxit
592 1837 646 1873 ut
682 1828 1082 1893 metropolitanus
1122 1828 1297 1894 absque
1339 1832 1559 1878 omnium

134 1906 500 1971 provincialium
535 1906 868 1970 episcoporum
895 1906 1147 1970 praesentia
1172 1925 1329 1953 causas
1352 1907 1557 1955 aliorum

135 2002 232 2032 non
256 1983 430 2030 audiat.
464 1984 725 2048 Episcopus
749 1994 907 2031 autem
931 1982 1106 2049 absque
1130 1984 1311 2032 clericis
1331 1986 1424 2032 suis
1451 1987 1556 2034 nul-

179 2165 229 2210 (1)
255 2164 456 2212 (119—127.)
481 2163 599 2197 Memc
619 2162 861 2197 observation.
885 2163 932 2197 La
951 2163 1080 2209 region
1103 2163 1174 2197 Via
1195 2163 1291 2197 Lala
1310 2163 1399 2198 etait
1417 2164 1449 2198 la
1474 2177 1554 2213 sep-

134 2226 243 2259 tieme
258 2223 348 2258 dela
365 2223 520 2258 division
537 2223 759 2271 d’Auguste‚
783 2223 899 2258 situee
918 2234 965 2258 au
979 2223 1099 2258 levant
1116 2223 1167 2257 du
1183 2224 1529 2272 Champ-de-Mars.

165 2276 229 2329 ’(ν.)
254 2284 341 2327 (Fin
369 2282 413 2317 (le
442 2294 548 2330 127-2
570 2282 711 2327 jam-ier
739 2280 833 2330 159.)
853 2282 968 2317 Notre
991 2289 1122 2318 auteur
1146 2291 1305 2318 commet
1325 2297 1397 2320 unc
1421 2285 1555 2321 double

131 2355 260 2378 crreur
277 2342 366 2376 dans
385 2354 423 2376 cc
444 2342 671 2388 paragraphe
683 2369 694 2384 ,
713 2354 759 2376 en
779 2342 909 2377 faisant
927 2342 1222 2391 durerjusqu'au
1237 2345 1350 2390 regne
1369 2345 1416 2380 de
1434 2346 1553 2381 Marc-

136 2403 267 2438 Ani-ele
284 2402 316 2437 lc
335 2401 523 2449 pontificat
542 2400 587 2436 de
605 2401 699 2436 saint
716 2401 960 2448 Telesphoro,
981 2403 1045 2450 qui
1064 2415 1110 2437 ne
1129 2402 1278 2449 depassa
1298 2404 1403 2451 point
1418 2405 1450 2439 la
1470 2418 1553 2452 pre-

133 2463 247 2498 mii-re
262 2464 376 2497 annet·
393 2461 594 2496 ‹l'Antonin
617 2461 701 2505 Pie,
720 2468 757 2496 et
777 2474 823 2496 en
842 2462 1047 2497 attribuant
1063 2465 1083 2497 a
1102 2475 1142 2498 ce
1160 2475 1252 2511 pape
1276 2463 1552 2500 l’introduetion

133 2521 178 2555 dc
197 2522 229 2556 la
253 2521 428 2568 septieme
452 2521 612 2555 seniaine
637 2519 687 2554 dn
711 2521 886 2564 Cmfime,
907 2521 970 2568 qui
991 2521 1073 2555 n’cn
1097 2522 1309 2558 renscrmait
1331 2536 1463 2558 encore
1481 2537 1552 2571 que.

134 2581 186 2615 six
200 2581 249 2615 du
266 2588 384 2628 temps
396 2580 443 2616 de
456 2580 550 2615 saint
566 2580 973 2627 Gregoire-le-Grand.
995 2582 1059 2616 Les
1078 2589 1201 2617 autres
1218 2583 1447 2617 innovations
1464 2584 1550 2629 qu'il

136 2639 185 2674 lui
207 2647 376 2687 rapporte
391 2653 436 2675 ne.
451 2647 531 2675 sont
551 2653 613 2686 pas
629 2640 749 2674 iuieux
763 2640 931 2681 sondees3
953 2640 1042 2675 mais
1061 2641 1085 2676 il
1101 2642 1213 2688 parait
1231 2655 1302 2690 quc
1321 2643 1413 2677 saint
1428 2643 1533 2677 Telos

136 2699 252 2746 phore
271 2699 346 2735 doit
365 2700 442 2735 etr·-
460 2701 648 2735 „minu-nu
668 2713 711 2734 au
733 2713 822 2745 sang
843 2700 905 2736 des
926 2707 1090 2747 martyrs.
