1738 3043
179 202 258 239 :360
550 199 793 237 lilSTORlA
825 198 1230 240 ECCLESIASTICA.

182 278 419 325 idolorum
446 278 620 324 frustra
649 278 871 343 sugerunt
888 315 900 335 ,
935 292 983 326 et
1011 281 1273 329 sacerdotes
1302 283 1384 348 qui
1417 294 1600 332 sanctos

179 357 261 402 Dei
300 366 656 420 percusserant,
685 357 782 403 ictu
810 357 1024 404 fulminis
1063 360 1215 406 necati
1253 370 1381 407 sunt.
1426 361 1601 410 Omnes

179 453 292 499 ergo
329 435 450 481 cives
491 446 675 482 terrore
714 436 1006 483 unanimiter
1039 438 1245 500 percussi
1280 437 1337 485 ad
1365 456 1601 486 carcerem

178 522 520 576 perrexerunt,
547 511 844 578 pedibusque
866 514 1081 576 praesulis
1107 514 1351 578 provoluti
1383 525 1601 563 reatuum

178 591 362 636 veniam
380 626 392 646 ‚
418 590 742 655 auxiliumque
766 590 854 636 sibi
883 591 1262 655 postulaverunt.
1290 593 1468 641 orante
1491 610 1603 642 cum

178 670 272 715 suis
290 669 480 733 collegis
503 668 638 716 beato
656 670 906 733 pontifice,
925 670 1207 717 Aurelianus
1227 682 1273 718 et
1291 671 1502 719 Andreas
1522 671 1597 736 (ι)

179 749 438 794 resuscitati
463 759 596 805 sunt,
623 758 670 795 et
698 748 1042 812 indulgentiam
1066 750 1207 813 proni
1231 751 1501 814 petierunt3
1523 767 1599 798 ve-

177 843 380 890 rumque
400 825 661 872 Dominum
686 842 795 870 eum
817 826 948 872 omni
974 826 1154 890 populo
1169 863 1181 883 ‚
1204 828 1284 892 qui
1314 828 1500 876 insolita
1520 827 1599 875 ad-

177 905 356 950 mirans
382 903 676 960 intuebatur,
705 903 904 950 confessi
930 915 1058 950 sunt.
1087 906 1310 970 Sequenti
1337 906 1412 954 die
1436 906 1600 955 beatus

177 982 405 1028 Martialis
437 999 460 1026 a
493 982 698 1028 minimo
727 998 875 1046 usque
910 980 964 1027 ad
1002 983 1263 1028 maximum
1289 985 1596 1042 convocavit,

177 1070 225 1107 et
248 1059 368 1106 saeta
389 1060 679 1124 competenti
701 1058 1036 1107 exhortatione
1055 1060 1302 1109 universos
1320 1059 1594 1126 baptizavit.

177 1139 317 1184 Tunc
343 1136 407 1184 ibi
428 1138 595 1202 viginti
621 1137 718 1184 duo
737 1137 884 1183 millia
911 1137 958 1183 in
983 1137 1245 1184 Dominum
1265 1138 1596 1196 crediderunt,

178 1225 224 1262 et
252 1215 443 1261 salutari
466 1213 721 1261 tlieusebiae
747 1224 990 1279 gratanter
1008 1232 1104 1261 sese
1125 1213 1466 1262 submiserunt.

242 1293 382 1339 Sacer
401 1292 576 1357 praesul
593 1310 702 1338 eum
719 1292 853 1340 omni
873 1292 1055 1356 populo
1073 1292 1130 1338 ad
1150 1293 1409 1357 templum,
1432 1294 1481 1340 in
1501 1310 1598 1359 quo

176 1382 327 1418 statua
362 1371 491 1418 Jovis
525 1380 572 1417 et
605 1370 831 1417 Mercurii
873 1387 924 1416 ac
959 1370 1123 1416 Dianae
1160 1381 1208 1417 et
1238 1369 1438 1418 Veneris
1468 1381 1594 1430 erat,

175 1449 331 1508 venit3
359 1448 589 1512 idolisque
615 1447 896 1504 confractis,
927 1445 992 1493 ibi
1020 1447 1263 1494 ecclesiam
1289 1448 1338 1494 in
1362 1446 1599 1496 honorem

175 1526 321 1571 sancti
350 1525 575 1588 Stephani
602 1525 973 1588 protomartyris
996 1524 1246 1571 dedicavit.

241 1603 380 1650 Beata
417 1620 531 1649 vero
563 1603 773 1648 Susanna
807 1602 1010 1649 feliciter
1048 1603 1096 1648 in
1128 1603 1340 1651 Domino
1373 1602 1595 1651 defuncta

176 1691 241 1726 est
258 1716 270 1737 ,
298 1690 344 1727 et
368 1698 392 1725 a
417 1681 469 1726 B.
503 1679 718 1726 Martiale
743 1697 851 1725 cum
881 1697 1050 1744 magna
1076 1680 1383 1727 veneratione
1414 1681 1595 1745 sepulta

174 1768 260 1806 est.
302 1758 452 1804 'Multa
485 1758 627 1804 ctiam
662 1757 787 1804 dona
825 1768 872 1803 et
908 1758 1158 1804 innumera
1191 1756 1419 1805 beneficia
1456 1757 1597 1807 beato

174 1837 281 1883 viro
323 1835 556 1894 contulit,
599 1852 941 1901 servorumque
985 1835 1348 1884 multitudinem
1389 1835 1592 1903 subegit.

172 1917 323 1961 Porro
358 1913 544 1960 Valeria
586 1915 682 1978 ejus
721 1913 816 1960 filia
853 1913 1178 1978 virginitatem
1217 1931 1348 1961 suam
1385 1914 1595 1964 Domino

171 1992 329 2049 vovit,
356 2001 405 2038 et
431 1991 615 2056 Spiritu
645 1991 820 2039 Sancto
844 1992 1048 2056 repleta,
1080 1992 1128 2039 in
1156 1993 1339 2040 eunctis
1369 1993 1595 2059 operibus

170 2070 312 2117 bonis
337 2088 383 2117 se
415 2087 600 2134 semper
622 2068 923 2133 probabilem
947 2069 1180 2118 exhibuit.
1212 2071 1330 2132 Quae
1361 2082 1415 2118 ut
1443 2089 1593 2136 spon-

172 2166 277 2195 sum
303 2165 443 2194 suum
467 2146 763 2211 Stephanum
792 2147 959 2194 ducem
1001 2147 1057 2194 ad
1092 2147 1262 2196 urbem
1292 2150 1591 2197 Lemovicam

169 2227 334 2273 venire
351 2225 554 2282 audivit,
578 2225 728 2272 sciens
747 2243 836 2289 pro
865 2236 997 2273 certo
1029 2226 1158 2292 quod
1180 2227 1275 2292 ipsa
1308 2228 1591 2293 integritatis

169 2313 284 2350 voto
306 2303 512 2367 graviter
540 2320 649 2349 eum
681 2302 963 2360 offenderit,
1000 2320 1164 2351 omnes
1193 2304 1378 2352 divitias
1408 2322 1511 2352 suas
1536 2305 1587 2352 in

168 2399 287 2429 auro
324 2391 371 2428 et
401 2390 599 2445 argento
634 2390 775 2445 atque
808 2381 1158 2446 multiplicibus
1192 2383 1586 2431 vestimentorum

213 2593 263 2636 (ι)
289 2590 318 2625 ΙΙ
336 2590 414 2625 doit
429 2602 451 2636 y
469 2590 569 2623 avoir
593 2602 664 2625 nne
684 2590 811 2626 lacune
835 2590 924 2625 dans
949 2604 989 2626 ce
1008 2603 1167 2639 passage.
1195 2591 1225 2626 11
1249 2598 1303 2627 est
1321 2590 1494 2639 probable
1511 2603 1583 2639 que

167 2652 255 2686 dans
282 2651 314 2685 la
339 2649 491 2697 legende
516 2650 714 2695 originale,
736 2651 916 2686 l'identite
935 2651 1145 2687 d’Aurelien
1172 2658 1208 2686 et
1235 2651 1397 2688 d’Andre
1421 2664 1505 2688 avec
1530 2651 1582 2687 les

169 2711 306 2757 pri-tres
323 2709 384 2745 des
402 2707 515 2744 idoles
534 2709 622 2744 etait
639 2709 719 2756 plus
737 2709 949 2745 clairement
965 2709 1159 2756 exprimee.
