1738 3043
292 260 370 297 256
657 253 898 293 HISTORIA
927 253 1332 294 ECCLESIASTICA.

294 338 433 384 nibus
456 336 762 390 detexerunt,
798 336 1045 400 ipsumque
1071 345 1262 398 turpem
1287 345 1335 382 et
1363 338 1671 400 apostaticum
1687 373 1699 396 ‚

293 433 352 460 ne
383 411 601 459 socordes
638 412 680 458 ei
717 410 1130 477 obtemperarent,
1162 411 1220 458 ad
1253 412 1322 458 sui
1351 412 1703 462 damnationem

291 498 609 537 asseruerunt.
637 487 851 554 Cumque
880 488 1045 535 Simon
1076 489 1342 536 minaretur
1373 506 1421 537 se
1451 490 1705 538 missurum

290 567 481 632 angelos
498 584 607 614 suos
630 566 687 613 ad
709 565 1009 631 puniendum
1036 567 1254 623 Petrum,
1280 570 1445 614 Petrus
1466 584 1492 614 a
1516 567 1708 616 Nerone

291 657 473 694 secreto
488 646 626 711 petiit
644 655 699 691 ut
709 643 902 709 juberet
919 643 1007 691 sibi
1027 661 1198 709 panem
1217 643 1532 693 hordeaceum
1550 646 1706 694 afferri

290 734 339 772 et
375 724 561 772 occulte
595 723 715 769 dari.
754 722 862 783 Quo
895 722 1049 778 sacto,
1090 723 1257 769 Petrus
1291 740 1464 787 panem
1499 723 1705 788 accepit,

289 802 563 858 benedixit,
590 801 733 866 fregit
757 810 804 847 et
827 799 914 846 sub
947 801 1129 847 manica
1154 818 1234 847 sua
1259 800 1536 860 abscondit,
1568 812 1710 868 atque

290 899 314 926 a
332 897 471 944 mago
487 881 695 943 jactante
716 896 763 925 se
783 878 866 924 Dei
891 877 1044 924 filium
1062 895 1181 934 esse,
1209 878 1325 943 quid
1349 879 1516 927 fecerit
1536 880 1711 927 instan-

293 968 365 1005 ter
389 957 653 1022 inquisivit.
681 957 819 1002 Tune
848 956 1015 1002 Simon
1033 993 1045 1015 ‚
1085 956 1357 1021 indignatus
1391 957 1524 1023 quod
1554 975 1712 1006 secre-

295 1047 396 1082 tum
411 1034 612 1099 apostoli
629 1050 728 1080 non
744 1042 901 1097 posset
913 1032 1069 1080 dicere
1081 1068 1094 1090 ,
1108 1033 1417 1083 vociferando
1423 1035 1564 1099 jussit
1575 1052 1713 1083 canes

292 1128 489 1177 magnos
518 1110 807 1176 procedere,
845 1119 892 1156 et
924 1110 1121 1157 Petrum
1154 1110 1204 1156 in
1237 1121 1495 1175 conspectu
1518 1111 1713 1159 Caesaris

292 1191 536 1239 devorare.
581 1190 705 1237 Ecce
750 1206 886 1236 canes
926 1189 1064 1235 mirae
1104 1188 1448 1253 magnitudinis
1489 1190 1712 1255 protinus

290 1278 642 1335 apparuerunt,
680 1277 728 1316 et
764 1268 813 1314 in
851 1268 1047 1315 Petrum
1086 1267 1319 1332 impetum
1355 1266 1591 1315 fecerunt.
1628 1268 1713 1316 llle

293 1366 407 1396 vero
430 1346 630 1413 genibus
656 1346 704 1392 in
732 1356 856 1394 terra
880 1345 1074 1410 positis,
1100 1345 1260 1392 ambas
1279 1363 1447 1393 manus
1471 1345 1709 1405 extendit,

291 1435 340 1472 et
368 1442 539 1489 panem
567 1441 711 1488 quem
734 1422 1043 1470 benedixerat
1065 1422 1293 1470 ostendit.
1323 1422 1477 1483 Quem
1498 1432 1554 1470 ut
1576 1439 1713 1471 canes

295 1503 540 1559 viderunt,
567 1501 727 1548 subito
756 1517 993 1566 nusquam
1024 1512 1417 1565 comparuerunt.
1449 1501 1527 1548 Sic
1551 1518 1714 1567 magus

293 1582 512 1629 omnium
549 1578 759 1626 ludibrio
797 1579 1046 1626 manifeste
1085 1580 1263 1644 patuit,
1309 1581 1392 1645 qui
1430 1580 1622 1646 angelos
1663 1581 1712 1626 in

295 1658 565 1724 apostolum
587 1667 814 1704 venturos
838 1656 1146 1720 promiserat,
1174 1673 1310 1704 canes
1332 1655 1575 1715 exhibuit3
1596 1673 1715 1705 sese-

294 1755 386 1802 que
421 1753 521 1783 non
555 1734 768 1790 divinos,
796 1733 875 1780 sed
908 1734 1103 1780 caninos
1130 1732 1302 1781 habere
1327 1734 1519 1800 angelos
1545 1750 1715 1782 mons-

297 1815 454 1862 travit.

360 1891 575 1939 Tandem
602 1892 796 1939 Simone
819 1907 958 1955 mago
982 1891 1031 1937 in
1058 1889 1222 1936 multis
1245 1890 1428 1937 ratione
1451 1889 1711 1939 verborum

296 1971 354 2017 ab
378 1969 603 2035 apostolis
627 1968 905 2025 confutato,
934 1968 1062 2015 Nero
1093 1968 1232 2031 jussit
1265 1967 1496 2015 excelsam
1529 1978 1711 2016 turrem

296 2049 517 2096 fabricari
542 2066 598 2095 ex
623 2048 762 2113 lignis
788 2048 838 2093 in
865 2063 1031 2110 campo
1067 2046 1263 2093 Martio.
1301 2045 1462 2093 Altera
1491 2063 1606 2094 vero
1637 2045 1712 2093 die

296 2133 453 2173 (jaesar
483 2135 529 2174 et
552 2135 738 2172 senatus
766 2134 813 2170 et
838 2124 1019 2188 equites
1042 2123 1254 2180 romani,
1281 2123 1533 2188 omnisque
1553 2140 1712 2188 popu-

297 2206 368 2251 lus
382 2240 394 2261 ‚
417 2203 474 2250 ad
492 2202 814 2267 spectaculum
832 2211 1184 2257 convenerunt3
1208 2211 1255 2249 et
1270 2200 1501 2265 apostoli,
1521 2201 1710 2248 Nerone

292 2282 491 2343 jubente
505 2317 517 2338 ‚
537 2279 722 2327 adducti
744 2289 871 2325 sunt.
897 2280 1035 2325 Tunc
1053 2279 1219 2325 Simon
1241 2278 1414 2324 turrim
1431 2294 1592 2326 coram
1610 2295 1710 2326 om-

297 2359 438 2406 nibus
463 2358 712 2414 ascendit,
754 2357 982 2421 lauroque
1023 2367 1279 2404 coronatus
1318 2374 1504 2404 sursum
1545 2373 1708 2404 manus

297 2435 533 2491 extendit,
562 2444 609 2481 et
633 2434 681 2480 in
715 2434 864 2480 altum
894 2434 1054 2482 volare
1085 2434 1251 2498 coepit.
1278 2433 1447 2480 Paulus
1471 2433 1603 2481 flexis
1629 2449 1708 2498 ge-

298 2513 440 2559 nibus
463 2530 622 2559 coram
653 2513 785 2559 omni
819 2512 999 2577 populo
1031 2512 1293 2560 Dominum
1324 2511 1490 2560 orabat
1501 2531 1515 2570 ;
1543 2513 1707 2559 Petrus

298 2610 410 2640 vero
443 2590 876 2638 machinationibus
901 2592 1108 2639 Simonis
1135 2589 1436 2648 intendebat,
1463 2601 1510 2638 et
1537 2605 1707 2654 oppor-

301 2682 472 2717 tunum
515 2679 698 2733 tempus
739 2668 914 2717 divina?
956 2669 1152 2716 ultionis
1188 2685 1377 2715 securus
1414 2666 1700 2732 expectabat.
