1738 3043
212 284 287 320 ’ὶῗϋ
575 277 813 314 ΙΙΙδΉΗΗΑ
846 276 1247 314 ECCLESlAS'FICA.

209 362 367 407 amicis
391 357 563 403 deferri
592 355 697 402 fecii
719 391 730 411 ,
767 365 1083 419 eventumque
1120 356 1184 401 rei
1215 357 1430 420 apostolo
1455 375 1621 404 narra—u

212 439 294 482 vit.
334 435 413 480 llle
442 443 600 478 autem
637 432 692 478 ad
730 431 962 496 populum
989 449 1270 488 conversus,
1305 433 1369 478 ait
1403 453 1411 478 :
1454 432 1495 479 Ο
1524 435 1621 479 viri

214 511 691 568 Thessalonicenses,
736 509 857 573 qaid
889 510 1107 575 proderit
1144 509 1302 567 vobis,
1349 528 1457 557 cum
1496 512 1620 558 mira

194 593 313 656 fieri
355 591 572 637 'videritis
599 627 608 643 ‚
656 590 701 634 si
738 606 832 634 non
878 587 1113 634 creditis?
1154 589 1304 634 Porro
1346 588 1436 634 illis
1478 589 1620 653 polli—

209 668 425 716 centibus
471 666 600 732 quod
645 666 920 722 crederent,
969 666 1067 714 viso
1113 666 1370 723 miraculo,
1413 666 1621 714 Andreas

211 748 451 812 apostolus
486 746 607 792 dixit
643 744 871 792 defuncto
907 765 915 789 :
958 745 1019 790 In
1056 746 1246 791 nomine
1281 745 1402 792 ιῙεκςιι
1443 744 1625 791 Clm'sti

212 843 353 887 surge
367 861 382 881 ,
403 841 543 889 puer.
573 822 634 867 At
662 822 738 868 ille
762 822 922 867 statim
947 821 1174 878 surrexit,
1205 821 1502 886 populusque
1523 832 1625 867 stu-

212 901 422 965 pefactus
455 899 760 963 sponsionem
791 897 848 943 de
882 897 1147 961 recipienda
1189 897 1279 944 fide
1317 897 1518 944 fideliter
1551 909 1626 944 te-

215 980 338 1026 nuit.

279 1055 453 1103 Medias
473 1053 786 1118 Philippensis
812 1070 900 1117 pro
927 1052 1027 1099 silio
1052 1063 1314 1117 aegrotante
1341 1069 1450 1099 cum
1476 1054 1631 1119 lacry-

214 1134 301 1180 mis
332 1131 601 1196 apostolum
640 1130 846 1195 rogavit,
888 1131 1019 1192 cujus
1055 1147 1214 1193 preces
1248 1129 1521 1176 mitissimus
1559 1131 1630 1176 vir

215 1210 487 1276 benigniter
522 1209 752 1271 suscepit,
797 1217 843 1253 et
882 1205 1238 1270 apprehendens
1275 1224 1470 1252 manum
1505 1209 1627 1270 ejus,

214 1288 444 1352 Philippis
482 1287 581 1334 ivit.
617 1284 1000 1351 Ingredientibus
1033 1295 1222 1349 portam
1258 1286 1458 1332 civitatis
1490 1303 1630 1333 senex

213 1367 448 1422 occurrit3
485 1376 531 1411 et
563 1382 651 1429 pro
675 1364 805 1420 filiis,
835 1379 954 1428 quos
982 1379 1072 1426 pro
1096 1362 1233 1427 culpa
1256 1362 1429 1410 Medias
1455 1363 1501 1409 in
1527 1381 1631 1410 car-

216 1464 319 1493 cere
344 1445 657 1500 cruciaverat,
689 1442 890 1506 rogavit.
918 1440 1152 1488 Suadente
1182 1440 1426 1505 apostolo,
1457 1441 1632 1488 Medias

216 1524 273 1569 ad
298 1522 434 1586 pedes
461 1523 558 1585 ejus
579 1520 810 1584 procidit,
840 1529 886 1565 et
910 1535 1008 1565 non
1029 1519 1183 1565 solum
1210 1519 1313 1566 illos
1336 1518 1454 1566 duos
1477 1518 1633 1566 absol-

219 1602 313 1656 vit,
341 1598 419 1646 sed
445 1599 583 1645 etiam
614 1597 729 1643 alios
752 1606 956 1660 septem,
981 1614 1069 1659 pro
1101 1595 1273 1661 quibus
1302 1615 1444 1644 nemo
1476 1597 1636 1662 loque-

219 1679 377 1733 batur,
407 1686 592 1722 tantum
612 1684 664 1719 ut
685 1674 807 1720 filius
827 1675 923 1737 ejus
943 1684 1204 1719 sanaretur.
1228 1673 1323 1719 Illis
1342 1674 1500 1739 itaque
1525 1674 1638 1721 libe-

222 1756 352 1811 ratis,
374 1752 613 1818 apostolus
632 1749 955 1798 Philomedem
971 1750 1042 1814 (ι)
1058 1750 1261 1808 sanavit,
1283 1751 1366 1815 qui
1384 1767 1484 1797 xxii
1502 1752 1638 1798 annis

224 1835 377 1880 suerat
398 1830 582 1878 debilis.

287 1909 468 1958 Deinde
492 1906 805 1954 clamantibus
835 1905 1025 1970 populis
1057 1916 1111 1951 ut
1136 1906 1229 1952 suis
1260 1907 1402 1953 etiam
1425 1906 1641 1954 medere-

226 2001 306 2037 tur
340 1987 564 2042 infirmiS‚
606 1984 814 2031 Andreas
849 1983 1092 2031 confidens
1130 1984 1177 2030 in
1213 1985 1443 2041 Domino,
1479 1995 1644 2032 sanato

225 2068 346 2115 dixit
377 2081 528 2130 puero
559 2084 568 2109 :
612 2063 710 2108 Per
739 2063 908 2108 domos
939 2063 1276 2124 aegrotantium
1310 2061 1463 2120 vade,
1508 2074 1551 2109 et
1589 2065 1638 2110 ιή

228 2147 418 2193 nomine
449 2148 561 2189 Jesa
606 2140 810 2197 Christi,
849 2143 896 2185 in
935 2156 1029 2203 qao
1064 2151 1264 2187 sanatus
1297 2158 1371 2198 es,
1401 2141 1524 2206 jube
1558 2160 1638 2189 eos

230 2237 501 2286 exsurgere.
535 2219 598 2265 At
629 2218 706 2263 ille
732 2217 870 2280 jussis
899 2216 1099 2280 apostoli
1125 2218 1311 2280 paruit,
1340 2219 1640 2284 populusque

232 2301 392 2346 videns
427 2295 660 2343 mirabilia
687 2293 908 2350 credidit,
943 2304 988 2341 et
1019 2294 1235 2358 apostolo
1268 2294 1415 2341 multa
1444 2313 1641 2343 munera

232 2375 432 2431 obtulit;
459 2372 538 2419 sed
564 2372 659 2435 ipse
681 2371 824 2434 gratis
851 2369 1072 2417 omnibus
1100 2370 1299 2417 verbum
1329 2372 1440 2418 vitae
1468 2373 1643 2437 praedi-

234 2471 368 2508 cans,
400 2449 519 2497 nihil
546 2448 739 2511 recepit.
767 2447 934 2493 Filiam
954 2464 1144 2512 quoque
1168 2447 1377 2505 Nicolai,
1402 2466 1509 2513 quae
1536 2449 1643 2496 lan-

233 2529 429 2596 guebat,
459 2544 546 2591 pro
572 2544 662 2591 qua
682 2537 816 2590 pater
835 2525 982 2571 multa
1006 2524 1259 2582 offerebat,
1285 2525 1461 2571 scilieet
1484 2544 1642 2573 carru-

285 2720 335 2762 (ι)
362 2717 473 2750 Nono
493 2721 621 2749 auteur
641 2727 656 2747 a
677 2713 798 2748 oublii'e
816 2713 860 2747 de
879 2724 968 2746 nous
987 2712 1118 2746 avertit·
1135 2723 1206 2758 que
1228 2711 1345 2746 c’etait
1366 2711 1398 2746 le
1417 2724 1501 2747 nom
1521 2711 1570 2747 du
1591 2712 1642 2746 fils

237 2779 280 2813 «lc
301 2776 447 2811 Medias.
