1738 3043
551 218 703 256 LIBER
732 217 1009 256 SECUNDUS.
1422 223 1499 259 357

70 300 317 348 dominico
339 297 551 354 Paschae,
586 299 630 345 id
659 309 727 345 est
755 314 860 345 vin⁰
890 299 980 344 kal.
1006 298 1142 357 maii,
1162 315 1260 362 quo
1286 309 1501 364 tempore

43 434 49 441 .
72 379 315 442 Serapiaca
333 376 578 423 celebritas
597 374 840 440 agebatur,
864 375 1160 422 insidiatores
1180 375 1372 422 adunati
1391 394 1503 441 pro-

72 457 201 502 tinus
226 455 520 519 diriguntur,
543 473 566 500 a
589 453 765 519 quibus
785 454 859 499 vir
881 454 964 501 Dei
990 454 1352 501 sacratissimam
1372 453 1504 502 obla—

75 536 254 581 tionem
273 533 448 580 divinae
465 532 692 597 majestati
711 530 954 580 celebrans
972 533 1231 597 reperitur.
1255 533 1504 582 Continuo

73 610 262 676 profani
300 628 488 658 servum
521 610 603 657 Dei
642 619 932 674 rapuerunt,
967 608 1135 657 funem
1170 610 1218 657 in
1248 610 1374 658 collo
1405 615 1503 676 ejus

73 689 338 746 miserunt,
379 689 627 753 ipsumque
661 704 747 752 per
775 704 880 734 saxa
918 696 1015 733 tam
1050 687 1308 736 crudeliter
1343 699 1504 737 traxe-

73 776 216 825 runt,
237 777 292 813 ut
313 766 361 813 in
384 776 558 813 terram
584 764 852 812 defluerent
876 782 1039 812 carnes
1060 766 1182 829 ejus,
1207 775 1254 812 et
1273 784 1378 812 saxa
1401 766 1507 813 infi-

74 855 300 891 cerentur
321 860 493 891 cruore
523 845 637 908 ejus.
667 843 763 890 Illis
795 843 952 909 itaque
982 843 1330 891 insanientibus
1354 855 1402 892 et
1426 845 1502 891 di-

74 919 291 967 centibus
311 940 321 966 :
341 919 618 967 Trahamus
639 919 870 966 bubalam
886 920 959 967 acl
977 920 1089 967 loca
1106 921 1355 978 Bttcolice5
1374 939 1508 968 sanc-

76 1010 150 1045 tus
170 1002 356 1045 Marcus
378 1000 478 1045 Deo
499 998 670 1063 gratias
690 997 952 1055 referebat,
974 997 1135 1045 dicens
1158 1017 1167 1042 :
1196 998 1397 1046 Gratias
1417 999 1506 1046 tibi

75 1095 167 1139 ago
180 1115 196 1135 ,
218 1076 430 1123 Domine
451 1092 584 1122 meus
601 1076 719 1123 Jesu
743 1075 957 1134 Christe,
979 1077 1096 1140 qaia
1115 1075 1295 1141 dignus
1313 1076 1507 1125 habitus

74 1173 181 1201 sum
203 1154 412 1220 haecpro
432 1155 626 1202 nomine
645 1165 724 1201 tito
740 1155 870 1221 pati.

142 1232 571 1298 Advesperascente
607 1233 707 1291 die,
748 1233 984 1281 miserunt
1015 1250 1125 1280 eum
1158 1234 1208 1280 in
1240 1251 1506 1293 carcerem,

76 1331 225 1378 usque
263 1323 614 1378 pertractarent
629 1349 644 1373 ,
681 1331 772 1378 qua
816 1330 925 1360 eum
964 1324 1122 1360 morte
1158 1311 1506 1377 disperderent.

78 1392 215 1438 Circa
246 1390 451 1438 mediam
488 1408 601 1437 vero
640 1401 831 1439 noctem
852 1427 864 1448 ,
902 1390 1068 1436 clausis
1099 1392 1232 1438 ostiis
1265 1402 1312 1439 et
1345 1403 1510 1442 custo-

78 1469 216 1517 dibus
235 1481 344 1518 ante
361 1470 489 1518 foras
504 1468 874 1527 dormientibus,
897 1487 1007 1517 ecce
1027 1481 1167 1518 terrae
1183 1480 1342 1517 motus
1357 1470 1510 1518 factus

79 1560 146 1597 est
165 1567 381 1615 magnus.
401 1549 611 1615 Angelus
630 1558 789 1596 autem
808 1548 1006 1596 Domini
1027 1548 1084 1596 de
1103 1549 1227 1596 coelo
1245 1548 1507 1608 descendit,

79 1638 126 1675 et
151 1637 346 1693 tangens
371 1645 480 1675 eum
509 1626 631 1674 dixit
655 1645 664 1672 ε
686 1626 899 1674 Famale
926 1627 1025 1673 Dei
1048 1627 1247 1686 Blaree,
1275 1628 1510 1694 princeps

81 1723 142 1752 ac·
162 1715 470 1771 propagator
490 1705 907 1751 sanctissimorum
929 1721 1022 1769 per
1045 1704 1317 1769 AEgyptum
1346 1704 1512 1751 decre-

82 1795 261 1839 torum,
284 1799 394 1829 eece
411 1799 584 1829 nomen
603 1793 734 1828 taum
755 1783 805 1828 in
825 1780 946 1828 libro
966 1783 1080 1829 vitae
1101 1782 1307 1829 coelestis
1326 1785 1513 1849 ascrip-
1556 1836 1559 1837 ⁷

83 1871 178 1905 tam
202 1870 294 1918 est,
318 1869 362 1904 et
385 1859 663 1905 memoriale
689 1870 818 1905 taam
842 1876 940 1905 non
964 1858 1322 1923 derelinquetur
1341 1860 1390 1905 in
1411 1878 1510 1906 sce—

83 1938 264 1985 calum.
296 1936 472 1984 Socias
499 1939 628 1983 enim
633 1934 810 2001 faetus
836 1954 884 1982 es
909 1953 1230 2002 supernarum
1261 1938 1507 1984 virtutum.

82 2015 215 2063 tVam
240 2026 282 2060 et
307 2016 357 2060 in
389 2014 522 2061 coelis
544 2015 765 2080 spiritam
792 2025 926 2060 tuam
951 2013 1202 2078 colligent,
1231 2024 1275 2060 et
1301 2015 1349 2059 in
1375 2025 1418 2060 te
1438 2033 1512 2062 re-

85 2094 219 2158 quies
244 2111 340 2138 non
360 2092 554 2158 peribit.
588 2092 699 2138 Haec
729 2091 923 2139 audiens
955 2088 1120 2137 heatus
1153 2091 1368 2148 Marcus,
1409 2110 1511 2138 suas

85 2172 142 2218 ad
165 2171 345 2218 coelum
373 2169 630 2218 extendens
655 2187 824 2217 manus
857 2168 979 2216 dixit
1002 2188 1011 2213 :
1041 2169 1243 2216 Gratias
1276 2168 1365 2215 tibi
1387 2188 1509 2235 ago,

86 2252 293 2299 Domine
316 2250 430 2296 Jesa
467 2249 676 2306 Christe,
703 2252 818 2314 qaia
841 2267 938 2296 non
966 2266 1041 2295 me
1070 2248 1402 2313 dereliquisti;
1428 2249 1518 2296 sed

88 2349 196 2377 cam
218 2330 400 2376 sanctis
429 2329 523 2375 tuis
552 2328 953 2375 commemorasti.
979 2327 1189 2374 Obsecro
1211 2336 1280 2383 te,
1306 2327 1515 2374 Domine

87 2410 120 2456 J
121 2427 204 2456 esu
218 2409 423 2467 Christe,
437 2409 629 2473 suscipe
646 2409 863 2454 animam
878 2424 1035 2453 meam
1052 2407 1102 2452 in
1111 2423 1256 2472 paee,
1271 2416 1315 2452 et
1330 2424 1424 2452 non
1439 2425 1514 2452 me

88 2488 296 2553 patiaris
309 2487 493 2534 dicitius
508 2488 732 2553 separari
744 2503 776 2533 a
790 2495 851 2532 te.
872 2486 984 2532 Haec
1001 2501 1112 2531 cum
1126 2483 1337 2542 dixisset,
1357 2485 1515 2532 Domi-

92 2584 180 2614 nus
198 2567 330 2614 Jesus
349 2567 483 2614 venit
512 2564 571 2612 ad
594 2582 703 2612 eum
729 2564 777 2610 in
803 2561 970 2611 habitu
995 2573 1043 2611 et
1065 2562 1221 2610 forma
1247 2581 1338 2628 qua
1359 2562 1516 2610 fuerat

92 2662 202 2692 cum
225 2643 468 2710 discipulis
499 2643 594 2691 suis
622 2653 879 2706 antequam
902 2651 1165 2706 pateretur,
1193 2651 1241 2688 et
1271 2640 1335 2685 ait
1362 2657 1372 2683 τ
1398 2641 1516 2686 Pasi-

96 2721 204 2777 tibi,
233 2722 402 2770 BIarce
419 2733 581 2770 noster
600 2720 937 2785 Evangelista.
959 2720 1027 2765 At
1045 2718 1123 2765 ille
1147 2739 1156 2764 :
1182 2719 1408 2774 Gratias,
1436 2718 1517 2763 in—

95 2800 226 2866 quit,
265 2800 352 2848 tibi
385 2819 505 2866 ago,
551 2801 755 2849 Domine
789 2798 900 2847 Jesu
939 2798 1140 2846 Christe.
1181 2797 1319 2844 Mane
1359 2806 1517 2844 autem
