1738 3043
163 208 237 246 404
524 204 765 243 HISTORIA
799 204 1200 243 ECCLESIASTICA.

164 297 316 340 trum,
349 284 486 330 multi
518 283 794 331 Judaeorum
826 294 872 330 et
895 282 1145 347 gentilium
1169 282 1487 330 erediderunt.
1515 284 1570 330 ΕΙ

163 364 271 428 quia
307 363 432 408 inter
463 360 595 407 initia
627 361 769 424 primi
804 361 977 406 mensis
1009 360 1109 407 haec
1142 370 1266 424 gesta
1299 370 1433 417 sunt,
1467 359 1576 407 dato

164 439 360 486 nomine
381 439 428 484 in
446 436 616 484 Pascha
632 437 853 501 baptizati
873 448 1002 484 sunt.
1024 439 1087 483 Ex
1106 447 1220 483 tunc
1236 438 1385 502 coepit
1400 454 1575 484 nomen

165 516 357 563 Domini
383 514 442 562 ab
471 516 602 563 omni
633 515 814 580 populo
843 532 1044 563 romano
1068 515 1356 579 magnificari
1386 526 1434 562 et
1460 514 1579 562 fide—-

167 595 284 640 lium
313 612 425 659 grex
463 595 510 639 in
546 603 651 640 toto
687 593 869 639 mundo
903 592 1164 640 confortari
1200 603 1247 639 et
1279 591 1458 657 ubique
1491 593 1577 639 Dei

166 674 342 719 virtute
365 671 620 719 admodum
639 672 849 719 exaltari.

233 749 456 796 Silvester
473 766 588 812 papa
606 766 661 795 ex
680 759 923 812 praecepto
937 749 1238 794 Constantini
1257 763 1470 795 cccxvm
1484 746 1581 810 epi—

168 845 335 892 scopos
369 828 417 874 in
454 827 612 873 Nicaea
647 826 886 891 Bithyniae
925 826 1259 891 congregavit,
1298 836 1343 873 et
1380 826 1428 872 in
1463 823 1583 872 urbe

169 908 318 953 Roma
357 921 583 952 cctxxvu
621 905 843 969 praesules
879 904 936 950 ad
975 905 1232 951 concilium
1274 904 1453 950 ascivit.
1497 903 1583 949 Hic

168 985 418 1033 constituit
438 994 491 1029 ut
514 983 673 1029 nullus
700 983 841 1029 laicus
868 982 1042 1029 clerico
1068 982 1246 1029 crimen
1271 981 1459 1028 inferat.
1487 981 1586 1045 Op-

167 1060 540 1126 pressusjudices
557 1077 675 1125 quos
695 1060 889 1124 elegerit
909 1058 1091 1106 habeat.
1116 1059 1311 1106 Diaconi
1326 1057 1586 1104 dalmaticis

170 1150 386 1196 utantur,
413 1150 460 1186 et
479 1138 623 1203 pallio
643 1138 890 1186 linostimo
912 1155 1079 1185 eorum
1104 1138 1218 1184 laeva
1246 1147 1447 1202 tegatur.
1469 1133 1587 1183 Nul-

171 1219 241 1265 lus
278 1218 475 1265 clericus
510 1234 601 1282 pro
635 1234 767 1263 causa
802 1216 1013 1281 qualibet
1049 1217 1099 1262 in
1135 1216 1314 1262 curiam
1350 1215 1584 1269 introeat,

171 1314 258 1343 nec
279 1295 610 1360 antejudicem
632 1295 720 1341 nisi
743 1294 791 1340 in
811 1293 1018 1341 Ecclesia
1037 1311 1220 1339 causam
1239 1291 1380 1339 dieat.
1405 1289 1589 1338 Sacrifi-

171 1375 295 1420 cium
317 1373 474 1419 altaris
498 1373 553 1419 ad
571 1373 760 1419 missam
785 1390 882 1419 non
905 1372 1053 1419 serico
1074 1389 1228 1437 neque
1250 1387 1411 1435 panno
1436 1370 1589 1416 tincto

173 1451 456 1507 celebretur,
483 1450 561 1498 sed
582 1451 629 1496 in
657 1450 783 1497 lineo
808 1460 1022 1507 tantum,
1045 1449 1166 1496 sicut
1184 1467 1207 1494 a
1227 1447 1400 1512 Joseph
1419 1463 1590 1510 corpus

173 1529 367 1576 Domini
394 1528 632 1592 sepultum
655 1528 845 1591 legitur.
873 1527 919 1573 Si
942 1527 1048 1590 quis
1075 1525 1179 1571 vult
1204 1526 1251 1571 in
1276 1524 1480 1571 Ecclesia
1502 1523 1591 1569 mi-

175 1606 310 1651 litare
347 1605 420 1651 vel
460 1604 715 1668 proficere,
755 1604 815 1649 sit
850 1604 1000 1650 lector
1039 1619 1187 1649 annos
1225 1618 1290 1648 xx
1306 1637 1320 1659 ,
1360 1601 1589 1649 exorcista

175 1682 272 1729 dies
299 1698 419 1738 xxx,
446 1681 659 1745 acolytus
681 1680 816 1725 annis
841 1696 896 1739 v,
919 1677 1232 1725 subdiaconus
1251 1678 1387 1724 annis
1411 1694 1468 1734 v,
1494 1675 1590 1724 dia-

177 1777 325 1806 conus
349 1759 484 1805 annis
510 1774 602 1814 vn,
628 1758 880 1822 presbyter
901 1756 1037 1803 annis
1060 1772 1144 1814 111,
1166 1766 1215 1802 et
1231 1765 1417 1819 postea,
1438 1755 1473 1801 si
1497 1772 1592 1801 me-

178 1848 327 1893 retur,
352 1836 432 1882 ssat
447 1836 710 1899 episcopus.
728 1834 942 1899 Denique
957 1833 1196 1891 Silvester‚
1219 1843 1328 1897 post
1343 1833 1592 1880 innumera

178 1913 322 1970 bona,
345 1922 400 1960 ιιυ
418 1912 510 1959 kal.
527 1911 731 1976 januarii
751 1910 890 1968 obiit,
908 1920 955 1957 et
973 1910 1167 1958 cessavit
1185 1910 1477 1974 episcopatus
1492 1908 1594 1957 die-

182 1990 270 2037 bus
295 2007 410 2037 ctxv
439 1991 533 2052 (1).

247 2069 433 2114 Marcus
447 2068 706 2124 Romanus,
725 2085 779 2113 ex
797 2078 929 2131 patre
942 2066 1120 2123 Prisco,
1136 2065 1399 2113 seditannis
1416 2081 1451 2111 11
1465 2082 1596 2113 men-

183 2145 310 2192 sibus
334 2161 416 2191 vm
441 2143 604 2191 diebus
622 2161 704 2190 xx.
731 2144 820 2189 Hic
838 2143 950 2190 (luas
974 2142 1183 2189 basilicas
1201 2142 1339 2199 fecit,
1361 2159 1505 2189 unam
1521 2142 1593 2187 via

185 2222 438 2269 Ardeatina
465 2223 512 2267 in
531 2221 766 2267 cimiterio
790 2220 1024 2279 Balbinae‚
1043 2219 1126 2266 ubi
1145 2220 1396 2285 requiescit
1409 2254 1421 2275 ‚
1440 2219 1596 2266 aliam-

232 2406 283 2450 (ι)
308 2402 361 2438 (51
379 2403 519 2449 janvier
536 2400 665 2444 514-31
688 2401 880 2436 decembre
897 2400 992 2447 335.)
1012 2402 1111 2436 Tout
1129 2413 1168 2435 ce
1181 2412 1253 2448 que
1271 2407 1376 2435 notre
1391 2404 1519 2434 auteur
1535 2411 1594 2433 ra-

187 2471 293 2499 conte
308 2462 354 2497 de
368 2463 461 2497 saint
474 2461 642 2497 Silvestre
659 2468 713 2496 est
727 2461 835 2496 ‹l'une
846 2462 999 2496 saussete
1011 2460 1195 2495 tellement
1208 2458 1388 2506 palpable‚
1402 2470 1425 2504 y
1438 2458 1597 2504 compris

188 2526 219 2559 le
239 2521 419 2572 pretendu
441 2521 579 2556 concile
603 2520 647 2555 de
665 2521 800 2565 Rome,
820 2534 891 2568 que
914 2532 1005 2555 nous
1023 2531 1174 2567 croyons
1195 2517 1324 2554 inutile
1345 2516 1390 2551 de
1407 2516 1440 2551 le
1458 2517 1596 2552 refutet·

187 2598 231 2619 en
258 2581 380 2618 detail.
402 2581 432 2616 ll
452 2581 541 2615 n'est
560 2593 621 2628 pas
640 2582 756 2616 menie
774 2582 846 2615 vrai
873 2594 944 2628 que
967 2593 1006 2615 ce
1030 2581 1099 2614 soit
1123 2578 1174 2612 lui
1197 2576 1259 2624 qui
1285 2576 1334 2610 ait
1356 2577 1542 2624 convoque
1562 2575 1595 2611 le

189 2644 326 2679 concile
345 2643 389 2677 de
413 2641 534 2676 Nice'e.
554 2641 626 2675 Son
646 2641 760 2686 grand
778 2641 843 2687 fige
864 2653 908 2675 ne
932 2639 981 2674 lui
1000 2646 1107 2685 ayant
1124 2638 1184 2684 p'as
1203 2635 1336 2682 permis
1361 2635 1416 2682 ‹l'y
1438 2635 1596 2679 assister,

194 2705 213 2737 ἰΙ
240 2718 259 2749 y
285 2714 416 2747 envoyu
436 2700 529 2735 deux
552 2700 691 2745 pri-tres
710 2700 754 2733 de
775 2712 837 2733 son
863 2699 973 2745 eglise
991 2709 1084 2744 pour
1101 2696 1133 2731 le
1153 2694 1361 2741 remplacer.
