1738 3043
549 237 703 277 LIBER
733 236 1011 274 SECUNDUS,
1416 239 1495 277 343

138 317 395 381 Postquam
425 316 574 361 sancti
605 314 802 380 apostoli
831 315 1069 362 universas
1100 316 1368 379 provincias
1388 334 1497 380 per-

74 404 339 459 agrassent,
366 404 412 440 et
438 394 576 440 Sanir
602 395 648 440 in
674 393 819 440 domo
850 394 1020 440 Sennis
1040 394 1256 458 discipuli
1283 395 1350 441 sui
1381 395 1494 442 hos-

75 473 211 538 pitati
240 471 462 529 fuissent3
486 490 591 519 ecce
611 472 731 518 circa
760 470 925 518 horam
947 472 1150 536 primam
1171 490 1335 521 omnes
1356 474 1497 521 simul

75 549 327 615 pontifices
352 551 622 607 irruerunt,
649 559 696 597 et
719 549 1019 598 horribiliter
1043 551 1100 597 ad
1131 552 1338 599 Sennem
1363 554 1498 601 voci-

75 629 282 676 ferantes
297 664 309 684 ,
332 629 550 676 inimicos
567 627 767 675 deorum
791 645 990 676 suorum
1014 629 1214 694 produci
1231 633 1493 695 jusserunt.

76 708 259 755 Interea
295 707 441 753 sancti
473 706 673 771 apostoli
708 717 935 754 tenentur
959 724 1011 753 ac
1037 705 1093 753 ad
1126 708 1357 772 templum
1389 710 1499 756 solis

78 784 340 830 ducuntur.
382 783 478 830 Illis
511 793 669 831 autem
703 782 1104 848 ingredientibus,
1131 784 1372 832 daemones
1402 786 1501 832 ela-

76 871 211 909 mant
228 879 313 926 per
330 878 676 927 energumenos
699 882 709 908 :
740 862 878 926 Quid
895 862 1033 909 nobis
1052 874 1096 910 et
1112 862 1246 910 vobis
1249 900 1264 920 ,
1287 864 1501 929 apostoli

78 938 177 985 Dei
209 936 343 986 vivi?
377 939 426 985 in
460 942 678 1004 ingressu
713 950 868 985 vestro
885 939 1112 1003 flammis
1145 941 1409 987 exurimur.
1447 943 1500 987 In

78 1033 170 1062 una
204 1015 303 1062 aede
336 1016 499 1081 templi
532 1016 590 1063 ab
621 1017 807 1064 oriente
831 1017 1058 1083 quadriga
1084 1036 1319 1083 equorum
1350 1018 1502 1066 fusilis

79 1112 136 1141 ex
161 1111 278 1141 auro
308 1094 490 1151 stabat,
527 1095 574 1141 in
600 1113 692 1161 qua
728 1094 928 1142 radietas
953 1096 1027 1160 (1)
1055 1096 1165 1143 solis
1192 1113 1326 1161 aeque
1349 1096 1500 1143 fusilis

80 1172 388 1220 consistebat.
429 1174 482 1219 In
521 1173 607 1220 alia
641 1191 754 1221 vero
786 1172 885 1221 aede
925 1174 1037 1220 luna
1071 1173 1222 1221 stabat
1256 1174 1408 1221 fusilis
1445 1193 1503 1223 ex

78 1260 277 1315 argento
292 1287 304 1306 ,
333 1250 509 1298 habens
532 1252 689 1316 bigam
713 1250 862 1299 boum
884 1252 1074 1299 fusilem
1097 1253 1317 1300 similiter
1343 1270 1399 1300 ex
1421 1271 1504 1298 ar-

79 1337 242 1392 gento.
275 1327 590 1375 Pontificibus
621 1341 667 1376 et
699 1330 844 1394 magis
873 1347 984 1376 cum
1008 1330 1187 1395 populo
1220 1330 1501 1396 cogentibus

78 1405 318 1470 apostolos
343 1417 395 1452 ut
419 1406 698 1465 adorarent,
728 1408 812 1472 ipsi
840 1408 897 1456 de
925 1409 1102 1457 visione
1125 1409 1319 1458 Domini
1348 1410 1501 1458 nostri

79 1484 189 1531 Jesu
220 1483 424 1541 Christi,
452 1503 596 1551 quem
621 1497 870 1534 vocantem
895 1505 941 1534 se
967 1488 1014 1534 in
1038 1487 1198 1534 medio
1221 1488 1503 1552 angelorum

81 1560 549 1626 contemplabantur,
578 1574 747 1611 mutuo
783 1563 1000 1612 hebraice
1029 1564 1369 1631 loquebantur.
1399 1568 1506 1612 An-

81 1639 212 1704 gelus
252 1657 445 1706 quoque
490 1642 684 1689 Domini
732 1643 795 1690 eis
838 1644 1057 1709 apparuit
1103 1654 1150 1691 et
1189 1643 1500 1691 confortavit.

81 1717 280 1775 Deinde,
307 1718 433 1766 facto
452 1719 662 1778 silentio,
688 1721 744 1768 ad
767 1722 1002 1786 populum
1026 1722 1173 1770 locuti
1194 1733 1325 1780 suut,
1353 1732 1400 1770 et
1426 1740 1507 1770 er-

83 1814 242 1844 rorem
261 1815 400 1844 suum
422 1798 772 1847 rationabiliter
795 1801 1136 1858 ostenderunt,
1165 1803 1247 1866 qui
1270 1803 1506 1851 honorem

85 1875 172 1923 soli
207 1876 307 1923 Deo
343 1875 560 1923 debitum
599 1888 827 1925 creaturae
862 1879 1102 1926 inutiliter
1129 1880 1500 1944 impendebant3

86 1970 174 2001 nec
198 1954 298 2000 sine
330 1953 500 2017 injuria
533 1954 683 2002 solem
708 1965 754 2002 et
784 1955 947 2002 lunam
972 1956 1020 2003 in
1051 1956 1332 2004 manufactis
1367 1976 1507 2005 man-

87 2030 302 2079 sionibus
343 2031 674 2089 includebant,
714 2050 835 2098 quos
869 2033 993 2080 Deus
1030 2032 1089 2080 ab
1127 2034 1267 2081 initio
1299 2036 1347 2081 in
1381 2037 1509 2083 coelo

89 2108 288 2164 creavit,
316 2119 363 2155 et
395 2109 526 2155 omni
562 2109 737 2157 saeculo
770 2121 930 2174 patere
964 2121 1011 2158 et
1041 2111 1201 2159 lucere
1235 2113 1505 2161 constituit.

89 2185 402 2250 Stupentibus
448 2187 631 2232 cunctis
651 2222 664 2244 ,
710 2189 876 2234 Simon
925 2187 1133 2236 daemoni
1178 2192 1408 2256 praecepit
1454 2202 1508 2238 ut

90 2281 299 2329 egressus
320 2263 428 2310 inde
440 2299 452 2320 ,
475 2264 780 2312 simulacrum
798 2265 908 2314 solis
925 2276 971 2313 et
986 2266 1263 2331 quadrigam
1283 2270 1380 2332 ejus
1400 2287 1513 2318 con-

92 2343 348 2389 minueret.
372 2342 602 2390 Similiter
617 2343 909 2408 Judasjussit
926 2344 1234 2392 simulacrum
1252 2345 1380 2393 lunae
1402 2364 1513 2394 con-

94 2420 259 2486 fringi.
287 2422 426 2467 Tune
450 2420 546 2468 duo
573 2420 820 2486 AEthiopes
843 2423 966 2488 nigri
991 2434 1038 2471 et
1060 2424 1204 2482 nudi,
1228 2423 1514 2473 horribiles-

95 2515 188 2563 que
207 2498 361 2555 vultu,
393 2497 548 2563 egredi
570 2498 628 2544 ab
654 2500 787 2546 omni
810 2500 990 2565 populo
1014 2502 1098 2547 visi
1125 2512 1262 2560 sunt;
1295 2513 1343 2550 et
1367 2504 1515 2549 simu-

147 2751 198 2795 (ι)
222 2751 348 2787 Statue
367 2752 487 2788 radice
501 2781 508 2794 ,
530 2756 704 2788 entouree
724 2752 768 2788 de
788 2764 928 2798 rayenS.
