1738 3043
592 235 741 273 LIBER
770 235 1048 275 SECUNDUS.
1452 245 1528 279 209

108 311 362 359 audiebant
403 312 597 358 verbum
649 312 840 369 cecidit,
888 325 934 361 ct
972 317 1213 362 scientiam
1260 317 1526 383 linguarum

110 390 200 437 illis
233 401 429 455 repente
465 391 687 437 contulit.
731 393 896 438 Petrus
930 404 1085 440 autem
1106 432 1116 451 ,
1160 394 1525 462 obstupentibus

111 468 164 514 iis
204 469 287 533 qui
325 486 433 514 cum
472 486 528 516 eo
568 487 622 515 cx
661 469 1022 517 circumcisione
1069 484 1323 530 venerant,
1367 473 1527 540 bapti-

111 547 232 592 zavit
250 546 527 594 Cornelium
542 582 556 603 ,
575 557 622 593 et
638 563 802 593 omnes
817 548 898 612 qui
918 565 1027 594 cum
1044 566 1100 595 co
1118 551 1416 598 crediderant
1436 553 1526 616 (ι).

176 623 329 680 Idem,
368 633 620 688 postquam
653 622 711 670 ab
753 624 1018 671 illustribus
1047 627 1302 694 neophytis
1337 641 1529 695 rogatus

108 702 292 767 aliquot
308 701 472 750 diebus
492 702 714 749 Caesareae
735 704 933 759 mansit,
963 704 1256 752 confirmatis
1282 707 1370 754 illis
1394 709 1529 756 Jeru-

109 780 253 827 salem
278 778 509 834 ascendit,
532 790 579 825 et
595 778 900 844 co-apostolis
917 782 1010 827 suis
1035 784 1399 831 conversionem
1417 803 1530 849 gen-

113 860 233 905 tium
251 859 500 905 enarravit.
529 859 667 904 Tunc
686 858 880 923 quidam
899 877 953 906 ex
982 861 1344 910 circumcisione
1364 873 1533 910 contra

112 936 248 983 illum
266 934 591 1001 disceptabant
607 973 618 993 ‚
639 936 847 983 dicentes
866 957 874 981 :
904 938 1070 1001 Quare
1093 940 1301 986 introisti
1318 941 1388 987 ad
1405 943 1532 988 viros

101 1015 401 1080 prcepulium
418 1012 667 1070 habentes,
691 1025 734 1059 et
750 1014 1065 1061 manducasti
1079 1033 1189 1061 cum
1207 1016 1305 1063 illis
1318 1016 1345 1062 P
1364 1019 1533 1065 Petrus

106 1102 265 1139 autem
279 1092 487 1140 seriatim
504 1091 753 1156 explanare
766 1092 916 1156 coepit
929 1092 1197 1158 quomodo]
1204 1096 1241 1157 ej
1249 1112 1369 1140 unus
1380 1095 1532 1159 Joppe

109 1169 345 1226 oraverit,
374 1167 535 1233 ibique
561 1169 609 1215 in
642 1169 784 1215 extasi
811 1170 1043 1216 visionem
1073 1170 1272 1228 viderit,
1295 1189 1385 1237 qua
1406 1174 1530 1218 Deus

112 1248 177 1294 illi
218 1248 516 1295 vocationem
556 1258 602 1294 et
641 1248 1003 1295 conversionem
1047 1250 1264 1313 gentium
1304 1268 1530 1316 suamque

107 1325 475 1390 opitulationem
505 1324 931 1381 demonstraverit,
962 1337 1008 1372 et
1042 1326 1223 1392 reliqua
1261 1345 1368 1393 quae
1408 1345 1530 1375 con-

110 1405 305 1470 tigerint
334 1405 515 1450 sincera
544 1404 817 1450 narratione
843 1404 1180 1451 manifestavit.
1212 1406 1294 1451 His
1329 1406 1527 1462 auditis,

110 1492 383 1538 tacuerunt3
413 1493 465 1529 et
478 1482 587 1546 quia
603 1481 809 1527 fraterna
836 1480 1066 1528 charitate
1086 1481 1359 1539 fervebant,
1385 1483 1531 1530 laetati

104 1569 238 1616 sunt,
253 1559 609 1623 Dominumque
623 1594 637 1614 ,
656 1559 736 1622 qui
755 1567 918 1622 gentes
936 1558 1078 1604 etiam
1091 1576 1177 1623 per
1191 1560 1532 1623 poenitentiam

107 1638 274 1694 salvat,
310 1636 716 1702 glorificaverunt.
762 1635 928 1700 Cyprii
967 1652 1183 1702 quoque,
1227 1648 1273 1684 et
1309 1638 1529 1702 Cyrenaei

105 1714 290 1772 fideles,
313 1714 487 1778 aliique
514 1712 595 1777 qui
620 1712 666 1758 in
694 1710 1005 1758 tribulatione
1024 1712 1113 1759 sub
1141 1713 1385 1778 Stephano
1405 1713 1527 1761 facta

102 1792 299 1856 dispersi
321 1791 518 1838 fuerunt
534 1826 546 1846 ,
574 1807 723 1853 usque
742 1788 1019 1837 Phoenicem
1041 1801 1089 1837 et
1112 1792 1328 1856 Cyprum
1351 1803 1398 1840 et
1423 1794 1530 1840 An-

106 1868 330 1916 tiochiam
368 1866 846 1932 perambulaverunt,
891 1877 937 1913 et
971 1867 1080 1913 solis
1114 1866 1290 1913 Judaeis
1327 1867 1528 1915 verbum

103 1945 211 1993 fidei
238 1945 383 1992 locuti
413 1955 542 1990 sunt.
579 1947 729 1989 Porro
755 1945 950 2007 ingressi
982 1945 1317 2006 Antiochiam,
1348 1946 1527 1993 Graecis

103 2023 510 2071 annuntiaverunt
543 2021 804 2068 Dominum
832 2021 988 2068 Jesum
1004 2057 1017 2077 ,
1046 2021 1320 2087 multusque
1350 2040 1523 2071 nume-

103 2118 183 2146 rus
209 2098 505 2147 credentium
531 2114 785 2144 conversus
813 2107 883 2143 est
905 2097 961 2143 ad
987 2098 1267 2144 Dominum.
1304 2100 1405 2145 Hoc
1439 2117 1526 2145 au-

102 2179 234 2226 diens
283 2178 472 2225 ecclesia
521 2194 628 2242 quae
672 2176 980 2241 Jerosolymis
1024 2188 1153 2232 erat,
1208 2178 1254 2223 in
1305 2178 1515 2224 Domino

104 2255 356 2311 exultavit,
399 2264 446 2301 et
486 2252 750 2299 Barnabam
788 2253 945 2298 virum
984 2252 1203 2309 bonum,
1251 2254 1522 2318 Sanctoque

104 2333 285 2398 Spiritu
322 2342 368 2377 et
400 2331 491 2378 fide
522 2330 720 2394 plenum
749 2331 894 2376 misit.
938 2331 1030 2390 Qui
1071 2348 1179 2376 cum
1215 2332 1441 2387 venisset,
1476 2341 1522 2378 et

151 2566 199 2611 (¹)
226 2566 311 2600 Act.
332 2570 450 2610 apost.
480 2576 515 2603 x,
537 2561 661 2604 54-48.
690 2561 716 2594 Π
732 2574 753 2607 y
771 2574 789 2594 a
805 2573 876 2595 une
894 2560 1013 2606 legi-re
1031 2560 1225 2595 differs-nce
1249 2560 1338 2595 dans
1357 2560 1407 2595 les
1425 2560 1518 2594 deux

103 2625 223 2660 recits.
244 2625 293 2660 Ici
321 2625 406 2659 c’est
432 2624 525 2657 saint
543 2623 667 2656 Pierre
687 2621 748 2667 qui
775 2620 912 2667 baptiso
937 2619 968 2654 lc
994 2620 1208 2662 centurion3
1229 2619 1318 2654 dans
1337 2619 1386 2654 les
1404 2620 1517 2654 Acts-c

105 2683 170 2718 des
183 2684 357 2731 Apo'lres.
377 2685 401 2718 il
419 2683 583 2719 ordonna
601 2682 645 2716 de
663 2681 695 2715 lc
713 2681 874 2727 baptism·
893 2680 981 2714 ainsi
1007 2692 1077 2726 qne
1101 2680 1150 2714 lcs
1168 2688 1289 2714 anti-cs
1307 2681 1490 2714 assistants
1509 2695 1513 2710 e

107 2743 162 2777 E!
179 2743 286 2788 jus-ei!
307 2756 366 2776 mv
387 2743 566 2786 baptizari
584 2744 618 2775 in
641 2742 783 2775 nomine
805 2739 951 2772 [lamini
967 2739 1055 2772 ,lesu
1079 2738 1224 2773 Flu-isti.

208 2822 236 2847 1.
1271 2799 1319 2854 ll
