1738 3043
241 249 317 288 204
604 248 844 286 HISTORIA
876 249 1276 288 ECCLESIASTICA.

240 345 318 374 eos
346 327 538 373 Petrum
568 337 613 373 et
640 327 888 373 Joannem.
926 327 1017 387 Qui
1051 344 1159 373 cum
1183 328 1446 386 venissent,
1480 346 1644 377 orave-

242 414 357 450 runt
380 420 469 467 pro
497 404 605 467 ipsis
626 413 681 449 ut
703 405 970 468 acciperent.
989 405 1219 468 Spiritum
1239 405 1482 451 Sanctum.
1506 406 1644 453 Tunc

241 497 408 526 manus
426 497 565 544 super
590 479 846 544 baptizatos
871 480 1206 545 imponebant,
1237 491 1284 528 et
1310 481 1394 545 ipsi
1414 481 1647 546 Spiritum

242 559 467 603 Sanctum
489 557 891 622 accipiebant(1).
929 558 1049 604 llinc
1075 558 1380 605 ecclesiastica
1416 558 1647 622 processit

244 636 483 683 institutio
500 671 514 695 ,
545 645 598 682 ut
626 645 734 700 post
755 635 985 699 baptisma
1001 672 1013 692 ‚
1042 636 1170 700 quod
1195 635 1540 683 catechumenis
1565 653 1651 701 per

244 712 560 758 ministerium
583 711 722 758 datur
745 713 993 759 sacerdotis
1009 749 1021 770 ‚
1057 713 1296 777 impositio
1325 728 1490 759 manus
1521 729 1651 776 pon-

246 789 382 836 tilicis
416 807 525 835 cum
563 791 776 838 oratione
807 790 887 837 fiat
921 808 972 835 ac
1003 791 1229 838 unctione
1256 789 1571 846 charismatis3
1605 800 1653 836 et

244 868 308 913 sic
350 867 528 931 integra
566 868 867 914 confirmatio
902 866 956 912 fit
985 886 1068 931 per
1095 867 1419 931 septiformem
1453 867 1652 932 gratiam

248 945 405 991 Sancti
426 945 629 1008 Spiritus
652 944 911 1008 baptizatis.

311 1024 430 1069 Cum
459 1023 648 1069 vidisset
675 1023 838 1069 Simon
868 1023 976 1087 quia
1002 1040 1087 1085 per
1112 1022 1466 1086 impositionem
1489 1039 1654 1069 manus

244 1100 568 1164 apostolorum
596 1100 786 1147 daretur
806 1100 1008 1163 Spiritus
1031 1100 1255 1157 Sanctus,
1283 1098 1461 1146 obtulit
1486 1100 1550 1147 eis
1578 1117 1657 1164 pe-

246 1177 459 1232 cuniam,
497 1175 655 1223 dicens
694 1197 703 1221 :
747 1177 870 1222 Date
901 1176 1085 1222 etmihi
1109 1177 1235 1223 lianc·
1263 1186 1566 1240 potestatem,
1605 1187 1658 1222 ut

247 1256 526 1319 cuicumque
539 1257 807 1320 imposuero
823 1272 1011 1312 manus,
1031 1255 1245 1319 accipiat
1259 1253 1494 1318 Spiritum
1509 1252 1658 1300 Sanc-

250 1342 364 1376 tum.
394 1331 558 1377 Petrus
583 1342 740 1377 autem
761 1330 880 1377 dixit
905 1331 959 1376 ad
983 1348 1091 1377 eum
1119 1350 1128 1375 :
1153 1331 1375 1376 Pecunia
1397 1342 1481 1377 tua
1507 1339 1660 1376 tecum

248 1410 309 1454 sit
331 1410 379 1453 in
404 1409 724 1473 perditionem
740 1446 755 1466 ,
791 1409 1021 1472 quoniam
1051 1407 1229 1454 donum
1254 1408 1352 1453 Dei
1373 1406 1663 1453 existimasti

246 1489 456 1551 pecunia
481 1486 740 1551 possideri.
771 1486 885 1533 Non
910 1497 977 1532 est
1003 1485 1090 1530 tibi
1109 1503 1257 1550 pars,
1291 1502 1443 1550 neque
1474 1501 1576 1532 sors
1610 1485 1661 1530 in

250 1581 460 1609 sermone
488 1565 596 1608 isto.
637 1564 736 1610 Cor
761 1566 883 1609 enim
916 1574 1047 1609 tuum
1075 1580 1167 1609 non
1200 1577 1266 1608 est
1297 1574 1470 1609 rectum
1502 1579 1663 1609 coram

251 1639 370 1684 Deo.
405 1640 746 1684 Paenitentiam
777 1641 939 1703 itaque
975 1656 1067 1702 age
1091 1638 1152 1684 ab
1185 1638 1278 1685 hac·
1306 1639 1521 1702 nequitia
1546 1648 1658 1696 tua,

252 1726 295 1760 et
319 1732 441 1778 roga
467 1715 730 1761 Dominum
754 1718 799 1761 si
818 1715 948 1775 sorte
983 1717 1250 1761 remillatur
1275 1715 1362 1760 tibi
1389 1715 1494 1761 lzaec·
1529 1715 1664 1778 cogi-

256 1793 372 1837 tatio
405 1791 563 1838 cordis
595 1793 679 1837 tui.
712 1792 772 1837 In
793 1792 922 1853 selle
952 1793 1074 1837 enim
1111 1792 1453 1838 amaritudinis
1479 1802 1523 1838 et
1544 1789 1664 1837 obli-

250 1869 448 1932 gatione
494 1870 759 1932 iniquitatis
807 1869 950 1915 video
1003 1879 1048 1914 te
1094 1885 1210 1914 esse.
1265 1867 1429 1915 Simon
1475 1877 1631 1915 autem
1648 1902 1663 1925 ,

255 1945 453 2009 apostoli
510 1945 633 1991 dicta
680 1945 1022 2009 parvipendens
1040 1980 1052 2001 ‚
1098 1945 1314 2000 recessit,
1363 1955 1411 1991 et
1457 1953 1665 2008 apostata

254 2024 428 2080 factm,
465 2024 726 2071 innumeris
761 2023 1012 2070 sceleribus
1046 2024 1163 2069 iram
1203 2023 1395 2070 Domini
1436 2022 1518 2068 diu
1555 2039 1664 2069 exa-

256 2100 481 2147 cerbavit.
521 2100 736 2164 Apostoli
761 2117 874 2148 vero
898 2100 1045 2147 locuti
1069 2099 1271 2146 verbum
1300 2099 1495 2147 Domini
1527 2099 1665 2147 Jeru-

258 2177 488 2241 solymam
513 2175 733 2223 redibant
752 2212 764 2232 ‚
799 2187 845 2223 et
867 2176 1029 2222 multis
1048 2175 1321 2239 regionibus
1341 2175 1665 2222 Samaritano-

258 2271 366 2298 rum
392 2253 772 2317 evangelizabant
791 2254 885 2316 (2').

323 2331 505 2395 Angelo
551 2331 631 2377 Dci
673 2331 975 2394 praecipiente
1004 2366 1016 2386 ‚
1062 2329 1305 2394 Philippus
1345 2329 1544 2377 Candaei
1586 2347 1666 2378 eu-

304 2506 355 2550 (1)
380 2504 604 2547 Act.ap0.51.
626 2514 707 2545 vm,
735 2506 852 2550 14-17.

307 2566 356 2607 (ν.)
381 2561 479 2596 Ibid.
511 2573 593 2603 wll,
626 2560 743 2595 18-25.
772 2562 817 2595 La
845 2563 997 2608 reponse
1023 2560 1068 2595 de
1095 2560 1242 2601 Simon,
1273 2559 1361 2593 dans
1390 2558 1441 2593 les
1465 2558 1578 2593 Actes
1601 2556 1668 2593 des

262 2622 437 2667 Apsaros,
462 2627 515 2655 cst
534 2620 605 2655 sort
625 2620 814 2655 differente
829 2620 892 2655 des
915 2621 1127 2655 sentiments
1143 2631 1214 2666 que
1229 2618 1279 2653 lui
1299 2617 1400 2664 prete
1418 2618 1464 2652 ici
1479 2624 1584 2653 notre
1601 2629 1665 2652 au-

263 2690 343 2715 teur
370 2698 374 2701 ·
404 2681 639 2726 Respondeas
661 2687 783 2715 autem
812 2681 953 2722 Simon,
985 2679 1080 2715 (lixit
1108 2696 1113 2711 :
1144 2680 1351 2713 l'recamini
1366 2691 1433 2714 vos
1456 2691 1523 2725 pro
1546 2691 1600 2713 me
1617 2676 1670 2712 ad

263 2742 456 2775 Dominum
478 2747 516 2774 ul
535 2740 626 2774 nihil
642 2743 765 2774 venial
783 2754 893 2786 isuper
910 2754 964 2774 mc:
983 2741 1108 2774 horum
1128 2752 1210 2785 quse
1228 2738 1395 2774 ‹Iixcixtisl
