1738 3043
193 183 271 221 382
561 179 800 218 HISTORIA
831 179 1233 221 ECCLESIASTICA.

261 262 543 308 Interveniat
559 278 653 325 pro
673 259 809 305 nobis
828 260 985 307 almus
1001 263 1182 325 proesul
1205 262 1450 310 [Martialis
1472 265 1531 311 de
1552 283 1604 313 se

198 338 524 404 loquentibus,
553 338 639 401 qui
659 338 855 384 conviva
889 338 931 383 C
931 337 1070 384 lez-isti
1083 338 1189 402 suit
1215 351 1259 385 et
1281 342 1602 406 apostolorum

195 420 350 463 sacius
367 454 380 473 Ι,
432 418 517 481 qui
550 416 660 481 pius
697 427 869 482 pastor
910 418 1069 462 extiti!
1113 418 1523 466 Lemovicensibas
1562 432 1606 468 ec

192 497 379 560 primus
403 493 705 560 pt·a·(l1'(¹ator
717 493 920 560 populis
943 494 1322 542 occidentalibus
1332 532 1349 553 ,
1377 507 1426 543 ut
1452 499 1605 544 sacris

197 574 301 637 ejus
333 571 630 619 orationibus
647 561 854 630 ἠιιιηίίί,
885 571 1181 619 lz(t³re(litatis
1210 584 1400 621 oelemoe
1422 593 1608 623 merea-

197 669 305 696 mur
315 651 583 716 participes
607 651 795 696 ascisci.
823 651 1000 696 Amen.

262 728 416 775 xvll.
442 728 560 787 Quia
581 725 1008 791 chronographiam
1028 728 1283 775 seeundum
1303 729 1474 794 scripta
1493 730 1609 794 pris-

198 824 364 853 corum
391 816 641 852 contexere
671 805 878 861 decrevi,
914 816 959 851 et
991 805 1345 853 ecclesiasticam
1379 807 1609 871 incipiens

201 885 523 930 narrationem
539 918 549 937 ,
581 883 626 928 in
651 884 781 945 cujus
802 883 950 946 eapite
969 882 1025 928 de
1048 885 1217 929 sanctis
1234 885 1458 948 apostolis
1481 902 1608 950 quae-

198 961 304 1008 dam
335 961 544 1007 breviter
569 959 789 1024 apposui;
820 977 948 1005 nune
979 959 1226 1024 adjuvante
1251 961 1355 1008 Deo
1380 960 1437 1008 de
1460 979 1611 1009 roma-

198 1039 271 1085 nis
301 1036 582 1102 praesulibus
614 1036 940 1082 continuatam
973 1036 1138 1082 seriem
1163 1036 1299 1084 edere
1323 1037 1472 1095 nitor,
1506 1047 1553 1085 et
1585 1055 1608 1085 a

198 1116 337 1164 beato
349 1117 491 1162 Petro
503 1114 735 1179 apostolo,
751 1114 823 1160 cui
841 1113 1054 1160 Christus
1073 1114 1220 1162 claves
1231 1116 1364 1181 regni
1378 1116 1611 1164 coelorum

199 1195 462 1251 commisit,
490 1188 711 1239 inchoare
732 1190 958 1239 conabor.
986 1192 1087 1239 lloc
1111 1193 1238 1239 enim
1266 1210 1386 1257 opus
1411 1211 1613 1241 necessa-

201 1274 326 1319 rium
350 1271 497 1327 duco,
534 1288 586 1315 ac
619 1268 838 1316 studiosis
871 1268 1121 1316 clientibus
1152 1268 1239 1316 sibi
1265 1271 1459 1336 aliisque
1481 1271 1614 1318 (loci-

201 1350 324 1397 libus
349 1346 655 1395 commodum
684 1356 897 1393 autumo.
923 1346 1026 1392 Jam
1043 1385 1054 1407 ‚
1082 1357 1136 1392 ut
1167 1348 1396 1394 veraciter
1417 1347 1613 1394 rimatus

200 1445 301 1473 sum
317 1462 328 1483 ,
351 1444 436 1490 per
453 1424 583 1471 mille
603 1434 649 1470 ct
667 1433 860 1470 centum
879 1441 1029 1471 annos
1042 1459 1055 1481 ,
1077 1441 1133 1471 ex
1152 1440 1249 1489 quo
1268 1424 1404 1471 fortis
1422 1425 1614 1472 Emma-

201 1505 310 1551 nuel
338 1522 422 1568 per
442 1505 770 1549 intemeratam
785 1501 1033 1565 Virginem
1053 1500 1180 1549 nube
1202 1503 1355 1548 carnis
1375 1502 1613 1550 trabeatus

200 1583 330 1629 venit
353 1581 410 1627 ad
434 1597 519 1627 nos
535 1615 546 1636 ,
577 1580 624 1625 in
648 1578 765 1625 urhe
791 1580 937 1625 Roma
965 1579 1099 1644 (quae
1123 1578 1180 1624 ab
1202 1579 1302 1643 ipso
1321 1580 1391 1626 sui
1410 1581 1615 1644 primor-

200 1659 280 1707 dio
308 1676 448 1723 super
469 1674 632 1705 omnes
651 1657 831 1703 vicinos
853 1656 1016 1703 molita
1041 1666 1109 1703 est
1130 1656 1296 1704 efferre
1314 1656 1457 1704 fasces
1475 1674 1583 1705 suos
1597 1694 1612 1718 ,

205 1750 251 1786 et
283 1756 430 1802 usque
453 1736 509 1783 ad
534 1734 823 1799 Euphratem
849 1734 1183 1799 Oceanumque
1205 1734 1487 1798 disponente
1509 1736 1613 1784 Deo

203 1815 417 1861 dilatarit
437 1813 553 1860 lines
573 1812 714 1877 suos)
740 1811 898 1876 plures
919 1811 1184 1876 opitulante
1203 1813 1302 1859 Deo
1326 1813 1484 1860 eximii
1506 1812 1616 1860 ath-

203 1893 309 1939 letae
331 1901 590 1939 tenuerunt
608 1889 904 1937 ecclesiastici
930 1890 1172 1954 regiminis
1192 1889 1353 1937 frenos
1368 1926 1381 1948 ,
1407 1907 1614 1956 quorum

205 1967 512 2034 triumphales
549 1986 711 2014 cursus
745 1968 1029 2032 perscrutari
1065 1966 1204 2014 bonis
1242 1967 1514 2016 delectabile
1547 1978 1616 2016 est

207 2050 333 2095 inter
358 2048 529 2094 fluctus
546 2045 837 2103 mundan0s;
865 2056 943 2103 ut,
967 2063 1052 2111 per
1077 2045 1276 2092 heroum
1298 2046 1489 2111 vestigia
1507 2063 1615 2112 gra-

207 2125 417 2185 dienteS,
455 2123 684 2172 desudent
722 2124 895 2171 imitari
929 2134 1146 2171 strenuos
1180 2134 1309 2170 actus
1345 2133 1486 2189 atque
1520 2123 1615 2170 sal-

207 2205 387 2252 vificos.

210 2445 256 2479 ‹le
279 2445 311 2480 la
337 2443 490 2480 seconde
517 2443 727 2479 translation
746 2443 791 2479 de
816 2456 869 2479 ses
893 2444 1063 2492 reliques.
1084 2442 1275 2492 Jusque-la
1298 2455 1345 2478 on
1368 2441 1461 2476 avait
1483 2442 1611 2488 pense,

209 2518 293 2541 avec
308 2504 489 2549 Gregoire
509 2503 552 2537 de
573 2504 711 2546 Tours,
733 2516 803 2551 que
828 2517 862 2539 sa
885 2504 1032 2539 mission
1057 2517 1101 2539 ne
1120 2502 1314 2538 remontait
1337 2513 1398 2549 pas
1420 2500 1501 2548 plus
1525 2501 1614 2536 haut

212 2578 283 2613 que
297 2563 329 2598 le
346 2564 456 2610 regne
468 2563 512 2596 dfe
527 2563 660 2609 Trajan
674 2563 778 2598 Dece.
793 2563 852 2599 Un
865 2564 1002 2599 concile
1019 2563 1064 2598 de
1079 2563 1243 2608 Limoges
1260 2573 1306 2596 en
1322 2571 1427 2608 1029,
1449 2572 1498 2594 un
1511 2567 1614 2596 autre

213 2624 258 2659 de
278 2624 438 2670 Boni-ges
460 2635 505 2656 en
525 2621 604 2656 1031
628 2630 664 2657 et
679 2623 774 2658 enfin
793 2635 864 2657 une
877 2623 976 2658 bulle
996 2622 1047 2657 du
1067 2620 1278 2667 saint-siege
1300 2619 1610 2662 sanctionnerent‚

215 2682 353 2729 malgre
371 2681 403 2717 la
421 2680 614 2716 resistance
631 2680 676 2716 de
693 2681 852 2729 l'eveque
875 2681 919 2718 de
937 2681 1103 2727 Limoges
1115 2707 1124 2723 ‚
1145 2677 1341 2714 l'assertion
1362 2676 1411 2713 du
1429 2676 1612 2713 saussaire.
