<?xml version="1.0" encoding="UTF-8"?>
<!DOCTYPE html PUBLIC "-//W3C//DTD XHTML 1.0 Transitional//EN"
    "http://www.w3.org/TR/xhtml1/DTD/xhtml1-transitional.dtd">
<html xmlns="http://www.w3.org/1999/xhtml" xml:lang="en" lang="en">
 <head>
  <title>
</title>
<meta http-equiv="Content-Type" content="text/html;charset=utf-8" />
  <meta name='ocr-system' content='tesseract 3.04.00' />
  <meta name='ocr-capabilities' content='ocr_page ocr_carea ocr_par ocr_line ocrx_word'/>
</head>
<body>
  <div class='ocr_page' id='page_1' title='image "./ordericivitalish01ordeuoft_0476.png"; bbox 0 0 1738 3043; ppageno 0'>
   <div class='ocr_carea' id='block_1_1' title="bbox 112 214 1157 258">
    <p class='ocr_par' dir='ltr' id='par_1_1' title="bbox 112 214 1157 258">
     <span class='ocr_line' id='line_1_1' title="bbox 112 214 1157 258; baseline -0.005 0"><span class='ocrx_word' id='word_1_1' title='bbox 112 219 189 258; x_wconf 70' lang='lat'><strong>452</strong></span> <span class='ocrx_word' id='word_1_2' title='bbox 480 215 724 254; x_wconf 75' lang='lat' dir='ltr'>HISTORIA</span> <span class='ocrx_word' id='word_1_3' title='bbox 755 214 1157 255; x_wconf 81' lang='lat' dir='ltr'>ECCLESIASTICA.</span> 
     </span>
    </p>
   </div>
   <div class='ocr_carea' id='block_1_2' title="bbox 109 295 1557 1992">
    <p class='ocr_par' dir='ltr' id='par_1_2' title="bbox 109 295 1547 1603">
     <span class='ocr_line' id='line_1_2' title="bbox 111 295 1529 360; baseline -0.001 -15"><span class='ocrx_word' id='word_1_4' title='bbox 111 315 303 345; x_wconf 88' lang='lat' dir='ltr'><strong>morum</strong></span> <span class='ocrx_word' id='word_1_5' title='bbox 327 296 636 360; x_wconf 73' lang='lat' dir='ltr'><strong>fugaverunt,</strong></span> <span class='ocrx_word' id='word_1_6' title='bbox 660 306 708 342; x_wconf 72' lang='lat' dir='ltr'><strong>ot</strong></span> <span class='ocrx_word' id='word_1_7' title='bbox 730 313 899 360; x_wconf 86' lang='lat' dir='ltr'><strong>papam</strong></span> <span class='ocrx_word' id='word_1_8' title='bbox 918 305 1028 343; x_wconf 76' lang='lat' dir='ltr'><strong>ante</strong></span> <span class='ocrx_word' id='word_1_9' title='bbox 1051 296 1197 343; x_wconf 85' lang='lat' dir='ltr'><strong>altare</strong></span> <span class='ocrx_word' id='word_1_10' title='bbox 1221 295 1379 343; x_wconf 81' lang='lat' dir='ltr'>Sancti</span> <span class='ocrx_word' id='word_1_11' title='bbox 1403 296 1529 344; x_wconf 83' lang='lat' dir='ltr'><strong>Petri</strong></span> 
     </span>
     <span class='ocr_line' id='line_1_3' title="bbox 111 373 1531 438; baseline -0.001 -16"><span class='ocrx_word' id='word_1_12' title='bbox 111 375 261 422; x_wconf 76' lang='lat' dir='ltr'><strong>oculis</strong></span> <span class='ocrx_word' id='word_1_13' title='bbox 286 384 332 421; x_wconf 83' lang='lat' dir='ltr'><strong>ct</strong></span> <span class='ocrx_word' id='word_1_14' title='bbox 355 374 513 438; x_wconf 74' lang='lat' dir='ltr'><strong>lingua</strong></span> <span class='ocrx_word' id='word_1_15' title='bbox 537 374 723 437; x_wconf 75' lang='lat' dir='ltr'><strong>privare</strong></span> <span class='ocrx_word' id='word_1_16' title='bbox 741 374 829 419; x_wconf 90' lang='lat' dir='ltr'><strong>nisi</strong></span> <span class='ocrx_word' id='word_1_17' title='bbox 853 384 980 420; x_wconf 85' lang='lat' dir='ltr'><strong>sunt.</strong></span> <span class='ocrx_word' id='word_1_18' title='bbox 1001 374 1090 421; x_wconf 75' lang='lat' dir='ltr'><strong>Sed</strong></span> <span class='ocrx_word' id='word_1_19' title='bbox 1110 384 1218 438; x_wconf 90' lang='lat' dir='ltr'><strong>post</strong></span> <span class='ocrx_word' id='word_1_20' title='bbox 1235 374 1417 438; x_wconf 83' lang='lat' dir='ltr'>aliquot</span> <span class='ocrx_word' id='word_1_21' title='bbox 1435 373 1531 421; x_wconf 83' lang='lat' dir='ltr'><strong>dies</strong></span> 
     </span>
     <span class='ocr_line' id='line_1_4' title="bbox 109 451 1532 516; baseline 0 -17"><span class='ocrx_word' id='word_1_22' title='bbox 109 453 314 499; x_wconf 82' lang='lat' dir='ltr'><strong>Albinus</strong></span> <span class='ocrx_word' id='word_1_23' title='bbox 349 451 667 498; x_wconf 83' lang='lat' dir='ltr'><strong>cubicularius</strong></span> <span class='ocrx_word' id='word_1_24' title='bbox 693 469 803 498; x_wconf 87' lang='lat' dir='ltr'><strong>cum</strong></span> <span class='ocrx_word' id='word_1_25' title='bbox 825 451 883 499; x_wconf 84' lang='lat' dir='ltr'><strong>de</strong></span> <span class='ocrx_word' id='word_1_26' title='bbox 915 469 1101 499; x_wconf 84' lang='lat' dir='ltr'><strong>carcere</strong></span> <span class='ocrx_word' id='word_1_27' title='bbox 1129 452 1331 516; x_wconf 85' lang='lat' dir='ltr'><strong>eripuit,</strong></span> <span class='ocrx_word' id='word_1_28' title='bbox 1359 460 1408 500; x_wconf 86' lang='lat' dir='ltr'><strong>et</strong></span> <span class='ocrx_word' id='word_1_29' title='bbox 1430 451 1532 499; x_wconf 89' lang='lat' dir='ltr'><strong>Do-</strong></span> 
     </span>
     <span class='ocr_line' id='line_1_5' title="bbox 110 529 1529 594; baseline 0.001 -19"><span class='ocrx_word' id='word_1_30' title='bbox 110 530 269 576; x_wconf 86' lang='lat' dir='ltr'>minus</span> <span class='ocrx_word' id='word_1_31' title='bbox 305 530 612 594; x_wconf 85' lang='lat' dir='ltr'><strong>omnipotcns</strong></span> <span class='ocrx_word' id='word_1_32' title='bbox 651 529 882 594; x_wconf 74' lang='lat' dir='ltr'><strong>integram</strong></span> <span class='ocrx_word' id='word_1_33' title='bbox 917 530 1166 577; x_wconf 75' lang='lat' dir='ltr'><strong>sanitatem</strong></span> <span class='ocrx_word' id='word_1_34' title='bbox 1201 529 1268 576; x_wconf 80' lang='lat' dir='ltr'><strong>illi</strong></span> <span class='ocrx_word' id='word_1_35' title='bbox 1304 529 1529 578; x_wconf 89' lang='lat' dir='ltr'><strong>contulit.</strong></span> 
     </span>
     <span class='ocr_line' id='line_1_6' title="bbox 111 608 1531 673; baseline 0 -19"><span class='ocrx_word' id='word_1_36' title='bbox 111 608 320 673; x_wconf 47' lang='lat' dir='ltr'><strong>xvinigis</strong></span> <span class='ocrx_word' id='word_1_37' title='bbox 335 625 466 663; x_wconf 80' lang='lat' dir='ltr'><strong>vcro,</strong></span> <span class='ocrx_word' id='word_1_38' title='bbox 484 608 580 654; x_wconf 86' lang='lat' dir='ltr'><strong>dux</strong></span> <span class='ocrx_word' id='word_1_39' title='bbox 596 608 984 672; x_wconf 86' lang='lat' dir='ltr'><strong>Spoletanorum‚</strong></span> <span class='ocrx_word' id='word_1_40' title='bbox 1006 608 1045 654; x_wconf 74' lang='lat' dir='ltr'><strong>oi</strong></span> <span class='ocrx_word' id='word_1_41' title='bbox 1061 609 1298 673; x_wconf 79' lang='lat' dir='ltr'>suppetias</span> <span class='ocrx_word' id='word_1_42' title='bbox 1312 608 1503 656; x_wconf 85' lang='lat' dir='ltr'><strong>advenit</strong></span> <span class='ocrx_word' id='word_1_43' title='bbox 1518 643 1531 663; x_wconf 89' lang='lat'><strong>,</strong></span> 
     </span>
     <span class='ocr_line' id='line_1_7' title="bbox 111 686 1533 751; baseline 0 -16"><span class='ocrx_word' id='word_1_44' title='bbox 111 698 158 735; x_wconf 83' lang='lat' dir='ltr'><strong>et</strong></span> <span class='ocrx_word' id='word_1_45' title='bbox 177 686 337 734; x_wconf 81' lang='lat' dir='ltr'><strong>videns</strong></span> <span class='ocrx_word' id='word_1_46' title='bbox 357 704 550 751; x_wconf 90' lang='lat' dir='ltr'><strong>papam,</strong></span> <span class='ocrx_word' id='word_1_47' title='bbox 574 687 656 751; x_wconf 87' lang='lat' dir='ltr'><strong>qui</strong></span> <span class='ocrx_word' id='word_1_48' title='bbox 677 686 883 732; x_wconf 85' lang='lat' dir='ltr'><strong>fustibus</strong></span> <span class='ocrx_word' id='word_1_49' title='bbox 901 686 1124 744; x_wconf 80' lang='lat' dir='ltr'><strong>laniatus,</strong></span> <span class='ocrx_word' id='word_1_50' title='bbox 1148 698 1195 733; x_wconf 77' lang='lat' dir='ltr'><strong>et</strong></span> <span class='ocrx_word' id='word_1_51' title='bbox 1217 687 1469 734; x_wconf 80' lang='lat' dir='ltr'><strong>semivivus</strong></span> <span class='ocrx_word' id='word_1_52' title='bbox 1484 686 1533 735; x_wconf 88' lang='lat' dir='ltr'><strong>in</strong></span> 
     </span>
     <span class='ocr_line' id='line_1_8' title="bbox 111 763 1536 829; baseline 0 -19"><span class='ocrx_word' id='word_1_53' title='bbox 111 764 337 829; x_wconf 81' lang='lat' dir='ltr'><strong>sanguine</strong></span> <span class='ocrx_word' id='word_1_54' title='bbox 360 763 605 810; x_wconf 76' lang='lat' dir='ltr'><strong>revolutus</strong></span> <span class='ocrx_word' id='word_1_55' title='bbox 623 773 733 810; x_wconf 83' lang='lat' dir='ltr'><strong>ante</strong></span> <span class='ocrx_word' id='word_1_56' title='bbox 756 780 885 809; x_wconf 88' lang='lat' dir='ltr'><strong>aram</strong></span> <span class='ocrx_word' id='word_1_57' title='bbox 908 763 1086 820; x_wconf 82' lang='lat' dir='ltr'><strong>fuerat,</strong></span> <span class='ocrx_word' id='word_1_58' title='bbox 1110 763 1394 811; x_wconf 85' lang='lat' dir='ltr'><strong>mirabiliter</strong></span> <span class='ocrx_word' id='word_1_59' title='bbox 1409 780 1536 810; x_wconf 83' lang='lat' dir='ltr'><strong>sana-</strong></span> 
     </span>
     <span class='ocr_line' id='line_1_9' title="bbox 113 838 1537 904; baseline -0.001 -16"><span class='ocrx_word' id='word_1_60' title='bbox 113 852 241 898; x_wconf 77' lang='lat' dir='ltr'><strong>tum,</strong></span> <span class='ocrx_word' id='word_1_61' title='bbox 275 858 384 887; x_wconf 85' lang='lat' dir='ltr'><strong>cum</strong></span> <span class='ocrx_word' id='word_1_62' title='bbox 416 841 517 886; x_wconf 79' lang='lat' dir='ltr'><strong>aliis</strong></span> <span class='ocrx_word' id='word_1_63' title='bbox 552 838 768 886; x_wconf 84' lang='lat' dir='ltr'><strong>fidelibus</strong></span> <span class='ocrx_word' id='word_1_64' title='bbox 795 840 1059 887; x_wconf 89' lang='lat' dir='ltr'><strong>Dominum</strong></span> <span class='ocrx_word' id='word_1_65' title='bbox 1091 840 1391 904; x_wconf 75' lang='lat' dir='ltr'><strong>glorificavit.</strong></span> <span class='ocrx_word' id='word_1_66' title='bbox 1424 841 1537 887; x_wconf 85' lang='lat' dir='ltr'>Post</span> 
     </span>
     <span class='ocr_line' id='line_1_10' title="bbox 113 916 1536 982; baseline 0 -18"><span class='ocrx_word' id='word_1_67' title='bbox 113 918 213 965; x_wconf 77' lang='lat' dir='ltr'><strong>liaec</strong></span> <span class='ocrx_word' id='word_1_68' title='bbox 236 936 353 982; x_wconf 85' lang='lat' dir='ltr'><strong>papa</strong></span> <span class='ocrx_word' id='word_1_69' title='bbox 377 917 608 964; x_wconf 87' lang='lat' dir='ltr'><strong>Karolum</strong></span> <span class='ocrx_word' id='word_1_70' title='bbox 631 917 863 981; x_wconf 84' lang='lat' dir='ltr'><strong>Magnum</strong></span> <span class='ocrx_word' id='word_1_71' title='bbox 883 934 1042 981; x_wconf 78' lang='lat' dir='ltr'><strong>regem</strong></span> <span class='ocrx_word' id='word_1_72' title='bbox 1065 916 1203 975; x_wconf 85' lang='lat' dir='ltr'><strong>adiit,</strong></span> <span class='ocrx_word' id='word_1_73' title='bbox 1230 927 1278 963; x_wconf 78' lang='lat' dir='ltr'><strong>et</strong></span> <span class='ocrx_word' id='word_1_74' title='bbox 1294 917 1536 981; x_wconf 86' lang='lat' dir='ltr'><strong>querimo-</strong></span> 
     </span>
     <span class='ocr_line' id='line_1_11' title="bbox 113 994 1541 1059; baseline 0 -17"><span class='ocrx_word' id='word_1_75' title='bbox 113 997 244 1042; x_wconf 87' lang='lat' dir='ltr'><strong>niam</strong></span> <span class='ocrx_word' id='word_1_76' title='bbox 280 995 338 1042; x_wconf 80' lang='lat' dir='ltr'><strong>(ie</strong></span> <span class='ocrx_word' id='word_1_77' title='bbox 374 994 515 1041; x_wconf 84' lang='lat' dir='ltr'><strong>rebus</strong></span> <span class='ocrx_word' id='word_1_78' title='bbox 547 996 688 1059; x_wconf 75' lang='lat' dir='ltr'><strong>gestis</strong></span> <span class='ocrx_word' id='word_1_79' title='bbox 722 995 762 1042; x_wconf 88' lang='lat' dir='ltr'><strong>ei</strong></span> <span class='ocrx_word' id='word_1_80' title='bbox 798 994 1111 1059; x_wconf 72' lang='lat' dir='ltr'><strong>deprompsit.</strong></span> <span class='ocrx_word' id='word_1_81' title='bbox 1145 995 1208 1042; x_wconf 88' lang='lat' dir='ltr'><strong>At</strong></span> <span class='ocrx_word' id='word_1_82' title='bbox 1240 995 1319 1042; x_wconf 87' lang='lat' dir='ltr'><strong>ille</strong></span> <span class='ocrx_word' id='word_1_83' title='bbox 1354 1005 1541 1042; x_wconf 85' lang='lat' dir='ltr'><strong>tantum</strong></span> 
     </span>
     <span class='ocr_line' id='line_1_12' title="bbox 116 1071 1545 1137; baseline 0.001 -18"><span class='ocrx_word' id='word_1_84' title='bbox 116 1092 135 1119; x_wconf 64' lang='lat' dir='ltr'>x</span> <span class='ocrx_word' id='word_1_85' title='bbox 150 1075 273 1120; x_wconf 81' lang='lat' dir='ltr'><strong>iruni</strong></span> <span class='ocrx_word' id='word_1_86' title='bbox 298 1072 564 1119; x_wconf 68' lang='lat' dir='ltr'><strong>honorifice</strong></span> <span class='ocrx_word' id='word_1_87' title='bbox 583 1072 812 1136; x_wconf 81' lang='lat' dir='ltr'><strong>suscepit,</strong></span> <span class='ocrx_word' id='word_1_88' title='bbox 836 1083 883 1119; x_wconf 87' lang='lat' dir='ltr'><strong>et</strong></span> <span class='ocrx_word' id='word_1_89' title='bbox 901 1090 1009 1118; x_wconf 87' lang='lat' dir='ltr'><strong>cum</strong></span> <span class='ocrx_word' id='word_1_90' title='bbox 1027 1071 1213 1119; x_wconf 89' lang='lat' dir='ltr'><strong>duobus</strong></span> <span class='ocrx_word' id='word_1_91' title='bbox 1232 1071 1545 1137; x_wconf 83' lang='lat' dir='ltr'><strong>archiepisco-</strong></span> 
     </span>
     <span class='ocr_line' id='line_1_13' title="bbox 113 1148 1545 1216; baseline -0.001 -19"><span class='ocrx_word' id='word_1_92' title='bbox 113 1152 186 1216; x_wconf 80' lang='lat' dir='ltr'><strong>pis</strong></span> <span class='ocrx_word' id='word_1_93' title='bbox 212 1151 440 1198; x_wconf 68' lang='lat' dir='ltr'><strong>ldilvaldo</strong></span> <span class='ocrx_word' id='word_1_94' title='bbox 464 1162 511 1197; x_wconf 83' lang='lat' dir='ltr'><strong>et</strong></span> <span class='ocrx_word' id='word_1_95' title='bbox 538 1152 766 1211; x_wconf 71' lang='lat' dir='ltr'><strong>Anione,</strong></span> <span class='ocrx_word' id='word_1_96' title='bbox 799 1161 942 1215; x_wconf 85' lang='lat' dir='ltr'><strong>atque</strong></span> <span class='ocrx_word' id='word_1_97' title='bbox 976 1167 1024 1197; x_wconf 78' lang='lat' dir='ltr'><strong>vl</strong></span> <span class='ocrx_word' id='word_1_98' title='bbox 1058 1151 1289 1215; x_wconf 82' lang='lat' dir='ltr'><strong>episcopis</strong></span> <span class='ocrx_word' id='word_1_99' title='bbox 1319 1161 1368 1198; x_wconf 82' lang='lat' dir='ltr'><strong>et</strong></span> <span class='ocrx_word' id='word_1_100' title='bbox 1392 1148 1545 1197; x_wconf 90' lang='lat' dir='ltr'><strong>tribus</strong></span> 
     </span>
     <span class='ocr_line' id='line_1_14' title="bbox 117 1227 1545 1292; baseline -0.001 -17"><span class='ocrx_word' id='word_1_101' title='bbox 117 1228 376 1276; x_wconf 78' lang='lat' dir='ltr'>comitibus</span> <span class='ocrx_word' id='word_1_102' title='bbox 412 1228 613 1275; x_wconf 80' lang='lat' dir='ltr'><strong>remisit.</strong></span> <span class='ocrx_word' id='word_1_103' title='bbox 653 1229 756 1291; x_wconf 87' lang='lat' dir='ltr'><strong>lpse</strong></span> <span class='ocrx_word' id='word_1_104' title='bbox 792 1245 986 1292; x_wconf 80' lang='lat' dir='ltr'><strong>quoque</strong></span> <span class='ocrx_word' id='word_1_105' title='bbox 1022 1245 1105 1274; x_wconf 86' lang='lat' dir='ltr'><strong>rex</strong></span> <span class='ocrx_word' id='word_1_106' title='bbox 1145 1237 1305 1291; x_wconf 80' lang='lat' dir='ltr'><strong>postea</strong></span> <span class='ocrx_word' id='word_1_107' title='bbox 1345 1227 1545 1274; x_wconf 84' lang='lat' dir='ltr'><strong>Romam</strong></span> 
     </span>
     <span class='ocr_line' id='line_1_15' title="bbox 116 1304 1545 1370; baseline -0.002 -16"><span class='ocrx_word' id='word_1_108' title='bbox 116 1308 274 1364; x_wconf 67' lang='lat' dir='ltr'><strong>venit,</strong></span> <span class='ocrx_word' id='word_1_109' title='bbox 313 1318 360 1355; x_wconf 77' lang='lat' dir='ltr'><strong>et</strong></span> <span class='ocrx_word' id='word_1_110' title='bbox 394 1306 452 1353; x_wconf 88' lang='lat' dir='ltr'><strong>ab</strong></span> <span class='ocrx_word' id='word_1_111' title='bbox 490 1306 658 1354; x_wconf 81' lang='lat' dir='ltr'><strong>eodem</strong></span> <span class='ocrx_word' id='word_1_112' title='bbox 692 1324 810 1370; x_wconf 89' lang='lat' dir='ltr'><strong>papa</strong></span> <span class='ocrx_word' id='word_1_113' title='bbox 851 1306 898 1352; x_wconf 90' lang='lat' dir='ltr'><strong>in</strong></span> <span class='ocrx_word' id='word_1_114' title='bbox 935 1305 1011 1353; x_wconf 84' lang='lat' dir='ltr'><strong>die</strong></span> <span class='ocrx_word' id='word_1_115' title='bbox 1046 1304 1224 1352; x_wconf 82' lang='lat' dir='ltr'><strong>Natalis</strong></span> <span class='ocrx_word' id='word_1_116' title='bbox 1265 1305 1459 1354; x_wconf 89' lang='lat' dir='ltr'><strong>Domini</strong></span> <span class='ocrx_word' id='word_1_117' title='bbox 1496 1305 1545 1352; x_wconf 92' lang='lat' dir='ltr'><strong>in</strong></span> 
     </span>
     <span class='ocr_line' id='line_1_16' title="bbox 119 1383 1547 1441; baseline -0.002 -8"><span class='ocrx_word' id='word_1_118' title='bbox 119 1386 310 1434; x_wconf 75' lang='lat' dir='ltr'><strong>ccclesia</strong></span> <span class='ocrx_word' id='word_1_119' title='bbox 330 1385 490 1432; x_wconf 82' lang='lat' dir='ltr'><strong>Sancti</strong></span> <span class='ocrx_word' id='word_1_120' title='bbox 508 1385 636 1431; x_wconf 86' lang='lat' dir='ltr'><strong>Petri</strong></span> <span class='ocrx_word' id='word_1_121' title='bbox 658 1394 915 1431; x_wconf 85' lang='lat' dir='ltr'><strong>coronatus</strong></span> <span class='ocrx_word' id='word_1_122' title='bbox 937 1395 1031 1441; x_wconf 88' lang='lat' dir='ltr'><strong>cst,</strong></span> <span class='ocrx_word' id='word_1_123' title='bbox 1053 1395 1100 1430; x_wconf 83' lang='lat' dir='ltr'><strong>ct</strong></span> <span class='ocrx_word' id='word_1_124' title='bbox 1124 1383 1184 1430; x_wconf 88' lang='lat' dir='ltr'><strong>ab</strong></span> <span class='ocrx_word' id='word_1_125' title='bbox 1205 1383 1431 1431; x_wconf 86' lang='lat' dir='ltr'><strong>omnibus</strong></span> <span class='ocrx_word' id='word_1_126' title='bbox 1450 1393 1547 1431; x_wconf 84' lang='lat' dir='ltr'><strong>tam</strong></span> 
     </span>
     <span class='ocr_line' id='line_1_17' title="bbox 121 1462 1547 1528; baseline -0.001 -18"><span class='ocrx_word' id='word_1_127' title='bbox 121 1464 349 1511; x_wconf 79' lang='lat' dir='ltr'><strong>Romanis</strong></span> <span class='ocrx_word' id='word_1_128' title='bbox 373 1481 518 1528; x_wconf 85' lang='lat' dir='ltr'><strong>quam</strong></span> <span class='ocrx_word' id='word_1_129' title='bbox 540 1462 733 1509; x_wconf 87' lang='lat' dir='ltr'><strong>Francis</strong></span> <span class='ocrx_word' id='word_1_130' title='bbox 759 1462 1020 1526; x_wconf 85' lang='lat' dir='ltr'><strong>imperator</strong></span> <span class='ocrx_word' id='word_1_131' title='bbox 1043 1462 1282 1510; x_wconf 88' lang='lat' dir='ltr'><strong>Romanus</strong></span> <span class='ocrx_word' id='word_1_132' title='bbox 1308 1462 1547 1510; x_wconf 86' lang='lat' dir='ltr'><strong>constitu-</strong></span> 
     </span>
     <span class='ocr_line' id='line_1_18' title="bbox 124 1542 406 1603; baseline -0.004 -16"><span class='ocrx_word' id='word_1_133' title='bbox 124 1551 199 1587; x_wconf 82' lang='lat' dir='ltr'><strong>tus</strong></span> <span class='ocrx_word' id='word_1_134' title='bbox 221 1551 291 1588; x_wconf 79' lang='lat' dir='ltr'><strong>est</strong></span> <span class='ocrx_word' id='word_1_135' title='bbox 316 1542 406 1603; x_wconf 84' lang='lat'><em>(1).</em></span> 
     </span>
    </p>

    <p class='ocr_par' dir='ltr' id='par_1_3' title="bbox 127 1617 1557 1992">
     <span class='ocr_line' id='line_1_19' title="bbox 193 1617 1549 1675; baseline -0.001 -11"><span class='ocrx_word' id='word_1_136' title='bbox 193 1623 302 1665; x_wconf 76' lang='lat' dir='ltr'><strong>Post</strong></span> <span class='ocrx_word' id='word_1_137' title='bbox 322 1617 447 1675; x_wconf 61' lang='lat' dir='ltr'><strong>haec,</strong></span> <span class='ocrx_word' id='word_1_138' title='bbox 476 1617 737 1665; x_wconf 79' lang='lat' dir='ltr'><strong>indictione</strong></span> <span class='ocrx_word' id='word_1_139' title='bbox 759 1625 822 1663; x_wconf 57' lang='grc' dir='ltr'><strong>[Ψ</strong></span> <span class='ocrx_word' id='word_1_140' title='bbox 839 1652 853 1675; x_wconf 90' lang='grc'>,</span> <span class='ocrx_word' id='word_1_141' title='bbox 878 1627 931 1663; x_wconf 88' lang='lat'><strong>11⁰</strong></span> <span class='ocrx_word' id='word_1_142' title='bbox 951 1617 1044 1664; x_wconf 83' lang='lat' dir='ltr'><strong>kal.</strong></span> <span class='ocrx_word' id='word_1_143' title='bbox 1066 1617 1203 1675; x_wconf 88' lang='lat' dir='ltr'><strong>maii,</strong></span> <span class='ocrx_word' id='word_1_144' title='bbox 1230 1628 1371 1665; x_wconf 78' lang='lat' dir='ltr'><strong>terrae</strong></span> <span class='ocrx_word' id='word_1_145' title='bbox 1389 1626 1549 1664; x_wconf 82' lang='lat' dir='ltr'><strong>motus</strong></span> 
     </span>
     <span class='ocr_line' id='line_1_20' title="bbox 127 1684 1549 1760; baseline -0.002 -17"><span class='ocrx_word' id='word_1_146' title='bbox 127 1713 325 1760; x_wconf 75' lang='lat' dir='ltr'><strong>magnus</strong></span> <span class='ocrx_word' id='word_1_147' title='bbox 358 1695 510 1741; x_wconf 80' lang='lat' dir='ltr'><strong>sactus</strong></span> <span class='ocrx_word' id='word_1_148' title='bbox 547 1705 643 1751; x_wconf 79' lang='lat' dir='ltr'><strong>cst,</strong></span> <span class='ocrx_word' id='word_1_149' title='bbox 682 1705 730 1742; x_wconf 89' lang='lat' dir='ltr'><strong>et</strong></span> <span class='ocrx_word' id='word_1_150' title='bbox 766 1684 918 1742; x_wconf 78' lang='lat' dir='ltr'><strong>totam</strong></span> <span class='ocrx_word' id='word_1_151' title='bbox 951 1695 1192 1742; x_wconf 77' lang='lat' dir='ltr'><strong>ecclesiam</strong></span> <span class='ocrx_word' id='word_1_152' title='bbox 1225 1695 1383 1742; x_wconf 83' lang='lat' dir='ltr'><strong>Sancti</strong></span> <span class='ocrx_word' id='word_1_153' title='bbox 1421 1695 1549 1741; x_wconf 82' lang='lat' dir='ltr'><strong>Pauli</strong></span> 
     </span>
     <span class='ocr_line' id='line_1_21' title="bbox 128 1772 1556 1839; baseline -0.001 -18"><span class='ocrx_word' id='word_1_154' title='bbox 128 1773 330 1839; x_wconf 65' lang='lat' dir='ltr'><strong>aposloli</strong></span> <span class='ocrx_word' id='word_1_155' title='bbox 356 1772 529 1829; x_wconf 82' lang='lat' dir='ltr'><strong>diruit,</strong></span> <span class='ocrx_word' id='word_1_156' title='bbox 559 1790 702 1838; x_wconf 86' lang='lat' dir='ltr'><strong>quam</strong></span> <span class='ocrx_word' id='word_1_157' title='bbox 722 1773 819 1819; x_wconf 85' lang='lat' dir='ltr'><strong>Leo</strong></span> <span class='ocrx_word' id='word_1_158' title='bbox 843 1790 960 1836; x_wconf 85' lang='lat' dir='ltr'><strong>papa</strong></span> <span class='ocrx_word' id='word_1_159' title='bbox 987 1773 1168 1837; x_wconf 83' lang='lat' dir='ltr'><strong>optime</strong></span> <span class='ocrx_word' id='word_1_160' title='bbox 1192 1773 1444 1838; x_wconf 85' lang='lat' dir='ltr'><strong>reparavit.</strong></span> <span class='ocrx_word' id='word_1_161' title='bbox 1471 1773 1556 1820; x_wconf 87' lang='lat' dir='ltr'><strong>Le-</strong></span> 
     </span>
     <span class='ocr_line' id='line_1_22' title="bbox 132 1848 1557 1916; baseline 0 -19"><span class='ocrx_word' id='word_1_162' title='bbox 132 1850 280 1897; x_wconf 85' lang='lat' dir='ltr'><strong>tanias</strong></span> <span class='ocrx_word' id='word_1_163' title='bbox 298 1866 490 1916; x_wconf 80' lang='lat' dir='ltr'><strong>quoque</strong></span> <span class='ocrx_word' id='word_1_164' title='bbox 514 1848 637 1895; x_wconf 81' lang='lat' dir='ltr'><strong>idem</strong></span> <span class='ocrx_word' id='word_1_165' title='bbox 653 1849 828 1913; x_wconf 77' lang='lat' dir='ltr'><strong>praesul</strong></span> <span class='ocrx_word' id='word_1_166' title='bbox 848 1848 1002 1895; x_wconf 86' lang='lat' dir='ltr'><strong>tribus</strong></span> <span class='ocrx_word' id='word_1_167' title='bbox 1020 1848 1186 1897; x_wconf 77' lang='lat' dir='ltr'><strong>diebus</strong></span> <span class='ocrx_word' id='word_1_168' title='bbox 1205 1860 1313 1896; x_wconf 87' lang='lat' dir='ltr'><strong>ante</strong></span> <span class='ocrx_word' id='word_1_169' title='bbox 1329 1849 1557 1897; x_wconf 82' lang='lat' dir='ltr'><strong>ascensio-</strong></span> 
     </span>
     <span class='ocr_line' id='line_1_23' title="bbox 133 1926 1556 1992; baseline 0 -17"><span class='ocrx_word' id='word_1_170' title='bbox 133 1947 245 1977; x_wconf 86' lang='lat' dir='ltr'><strong>nem</strong></span> <span class='ocrx_word' id='word_1_171' title='bbox 271 1927 468 1975; x_wconf 86' lang='lat' dir='ltr'><strong>Domini</strong></span> <span class='ocrx_word' id='word_1_172' title='bbox 497 1926 639 1991; x_wconf 84' lang='lat' dir='ltr'><strong>jussit</strong></span> <span class='ocrx_word' id='word_1_173' title='bbox 672 1926 921 1974; x_wconf 81' lang='lat' dir='ltr'><strong>celebrari.</strong></span> <span class='ocrx_word' id='word_1_174' title='bbox 954 1927 1125 1974; x_wconf 91' lang='lat' dir='ltr'><strong>Nullus</strong></span> <span class='ocrx_word' id='word_1_175' title='bbox 1158 1926 1556 1992; x_wconf 80' lang='lat' dir='ltr'><strong>praedecessorum</strong></span> 
     </span>
    </p>
   </div>
   <div class='ocr_carea' id='block_1_3' title="bbox 134 2121 1556 2763">
    <p class='ocr_par' dir='ltr' id='par_1_4' title="bbox 134 2121 1556 2763">
     <span class='ocr_line' id='line_1_24' title="bbox 181 2121 1554 2172; baseline -0.001 -14"><span class='ocrx_word' id='word_1_176' title='bbox 181 2126 231 2170; x_wconf 79' lang='grc' dir='ltr'><strong>(ι)</strong></span> <span class='ocrx_word' id='word_1_177' title='bbox 257 2124 383 2172; x_wconf 68' lang='grc' dir='ltr'>(νβ-27</span> <span class='ocrx_word' id='word_1_178' title='bbox 403 2122 597 2158; x_wconf 56' lang='lat' dir='ltr'><strong>decembre</strong></span> <span class='ocrx_word' id='word_1_179' title='bbox 613 2122 744 2171; x_wconf 77' lang='lat'>795-11</span> <span class='ocrx_word' id='word_1_180' title='bbox 763 2122 847 2168; x_wconf 89' lang='lat' dir='ltr'><strong>juin</strong></span> <span class='ocrx_word' id='word_1_181' title='bbox 865 2121 964 2168; x_wconf 84' lang='lat'>816.)</span> <span class='ocrx_word' id='word_1_182' title='bbox 979 2122 1027 2156; x_wconf 90' lang='lat' dir='ltr'><strong>Le</strong></span> <span class='ocrx_word' id='word_1_183' title='bbox 1044 2122 1233 2169; x_wconf 85' lang='lat' dir='ltr'><strong>primicier</strong></span> <span class='ocrx_word' id='word_1_184' title='bbox 1246 2123 1333 2158; x_wconf 83' lang='lat' dir='ltr'><strong>e&#39;tait</strong></span> <span class='ocrx_word' id='word_1_185' title='bbox 1345 2122 1379 2158; x_wconf 84' lang='lat' dir='ltr'><strong>le</strong></span> <span class='ocrx_word' id='word_1_186' title='bbox 1395 2122 1554 2169; x_wconf 79' lang='lat' dir='ltr'><strong>premier</strong></span> 
     </span>
     <span class='ocr_line' id='line_1_25' title="bbox 134 2174 1555 2229; baseline -0.002 -10"><span class='ocrx_word' id='word_1_187' title='bbox 134 2184 272 2219; x_wconf 70' lang='lat' dir='ltr'><strong>officior</strong></span> <span class='ocrx_word' id='word_1_188' title='bbox 293 2183 339 2217; x_wconf 80' lang='lat' dir='ltr'><strong>dc</strong></span> <span class='ocrx_word' id='word_1_189' title='bbox 363 2174 508 2228; x_wconf 74' lang='lat' dir='ltr'><strong>l&#39;Egiise</strong></span> <span class='ocrx_word' id='word_1_190' title='bbox 528 2182 711 2224; x_wconf 83' lang='lat' dir='ltr'><strong>romaine,</strong></span> <span class='ocrx_word' id='word_1_191' title='bbox 733 2181 796 2228; x_wconf 89' lang='lat' dir='ltr'><strong>qui</strong></span> <span class='ocrx_word' id='word_1_192' title='bbox 815 2181 1091 2227; x_wconf 82' lang='lat' dir='ltr'><strong>accompagnait</strong></span> <span class='ocrx_word' id='word_1_193' title='bbox 1107 2180 1327 2227; x_wconf 83' lang='lat' dir='ltr'><strong>l’empereur</strong></span> <span class='ocrx_word' id='word_1_194' title='bbox 1344 2187 1382 2216; x_wconf 93' lang='lat' dir='ltr'><strong>et</strong></span> <span class='ocrx_word' id='word_1_195' title='bbox 1404 2181 1439 2216; x_wconf 86' lang='lat' dir='ltr'><strong>le</strong></span> <span class='ocrx_word' id='word_1_196' title='bbox 1462 2193 1555 2229; x_wconf 83' lang='lat' dir='ltr'><strong>pape</strong></span> 
     </span>
     <span class='ocr_line' id='line_1_26' title="bbox 137 2240 1554 2289; baseline -0.001 -11"><span class='ocrx_word' id='word_1_197' title='bbox 137 2245 227 2278; x_wconf 78' lang='lat' dir='ltr'><strong>dans</strong></span> <span class='ocrx_word' id='word_1_198' title='bbox 251 2243 301 2277; x_wconf 81' lang='lat' dir='ltr'><strong>les</strong></span> <span class='ocrx_word' id='word_1_199' title='bbox 327 2242 482 2289; x_wconf 77' lang='lat' dir='ltr'><strong>grandes</strong></span> <span class='ocrx_word' id='word_1_200' title='bbox 506 2241 731 2277; x_wconf 63' lang='lat' dir='ltr'><strong>ceronionies</strong></span> <span class='ocrx_word' id='word_1_201' title='bbox 752 2241 841 2275; x_wconf 81' lang='lat' dir='ltr'><strong>d&#39;un</strong></span> <span class='ocrx_word' id='word_1_202' title='bbox 866 2241 968 2283; x_wconf 67' lang='lat' dir='ltr'><strong>coto,</strong></span> <span class='ocrx_word' id='word_1_203' title='bbox 997 2240 1160 2287; x_wconf 84' lang='lat' dir='ltr'><strong>pendant</strong></span> <span class='ocrx_word' id='word_1_204' title='bbox 1182 2253 1254 2288; x_wconf 84' lang='lat' dir='ltr'><strong>que</strong></span> <span class='ocrx_word' id='word_1_205' title='bbox 1273 2241 1307 2276; x_wconf 81' lang='lat' dir='ltr'><strong>le</strong></span> <span class='ocrx_word' id='word_1_206' title='bbox 1331 2240 1554 2276; x_wconf 85' lang='lat' dir='ltr'><strong>secondicier</strong></span> 
     </span>
     <span class='ocr_line' id='line_1_27' title="bbox 139 2300 1555 2348; baseline -0.001 -10"><span class='ocrx_word' id='word_1_207' title='bbox 139 2305 228 2338; x_wconf 64' lang='lat' dir='ltr'><strong>etan</strong></span> <span class='ocrx_word' id='word_1_208' title='bbox 246 2303 290 2338; x_wconf 80' lang='lat' dir='ltr'><strong>dc</strong></span> <span class='ocrx_word' id='word_1_209' title='bbox 317 2302 463 2346; x_wconf 71' lang='lat' dir='ltr'><strong>saun-c,</strong></span> <span class='ocrx_word' id='word_1_210' title='bbox 483 2314 530 2337; x_wconf 88' lang='lat' dir='ltr'><strong>en</strong></span> <span class='ocrx_word' id='word_1_211' title='bbox 548 2308 654 2336; x_wconf 83' lang='lat' dir='ltr'><strong>avant</strong></span> <span class='ocrx_word' id='word_1_212' title='bbox 677 2301 723 2336; x_wconf 84' lang='lat' dir='ltr'><strong>de</strong></span> <span class='ocrx_word' id='word_1_213' title='bbox 748 2308 830 2335; x_wconf 71' lang='lat' dir='ltr'><strong>tous</strong></span> <span class='ocrx_word' id='word_1_214' title='bbox 848 2300 898 2336; x_wconf 81' lang='lat' dir='ltr'><strong>les</strong></span> <span class='ocrx_word' id='word_1_215' title='bbox 915 2307 1037 2335; x_wconf 86' lang='lat' dir='ltr'><strong>autres</strong></span> <span class='ocrx_word' id='word_1_216' title='bbox 1054 2300 1282 2348; x_wconf 79' lang='lat' dir='ltr'><strong>dignitaires.</strong></span> <span class='ocrx_word' id='word_1_217' title='bbox 1308 2302 1356 2336; x_wconf 87' lang='lat' dir='ltr'><strong>Le</strong></span> <span class='ocrx_word' id='word_1_218' title='bbox 1374 2301 1555 2336; x_wconf 79' lang='lat' dir='ltr'><strong>saoellaire</strong></span> 
     </span>
     <span class='ocr_line' id='line_1_28' title="bbox 139 2353 1555 2409; baseline -0.004 -10"><span class='ocrx_word' id='word_1_219' title='bbox 139 2365 228 2399; x_wconf 63' lang='lat' dir='ltr'><strong>omit</strong></span> <span class='ocrx_word' id='word_1_220' title='bbox 245 2363 277 2397; x_wconf 81' lang='lat' dir='ltr'><strong>lc</strong></span> <span class='ocrx_word' id='word_1_221' title='bbox 295 2363 499 2409; x_wconf 61' lang='lat' dir='ltr'><strong>quan-imis:</strong></span> <span class='ocrx_word' id='word_1_222' title='bbox 516 2361 651 2396; x_wconf 80' lang='lat' dir='ltr'><strong>ossicier</strong></span> <span class='ocrx_word' id='word_1_223' title='bbox 671 2360 716 2396; x_wconf 83' lang='lat' dir='ltr'><strong>de</strong></span> <span class='ocrx_word' id='word_1_224' title='bbox 730 2353 893 2408; x_wconf 72' lang='lat' dir='ltr'><strong>PEglise,</strong></span> <span class='ocrx_word' id='word_1_225' title='bbox 913 2361 1047 2408; x_wconf 54' lang='lat' dir='ltr'><strong>chargi-</strong></span> <span class='ocrx_word' id='word_1_226' title='bbox 1065 2361 1110 2396; x_wconf 87' lang='lat' dir='ltr'><strong>de</strong></span> <span class='ocrx_word' id='word_1_227' title='bbox 1125 2360 1326 2396; x_wconf 81' lang='lat' dir='ltr'><strong>‹listribuer</strong></span> <span class='ocrx_word' id='word_1_228' title='bbox 1336 2361 1370 2396; x_wconf 88' lang='lat' dir='ltr'><strong>la</strong></span> <span class='ocrx_word' id='word_1_229' title='bbox 1388 2360 1468 2408; x_wconf 87' lang='lat' dir='ltr'><strong>paie</strong></span> <span class='ocrx_word' id='word_1_230' title='bbox 1485 2371 1555 2395; x_wconf 87' lang='lat' dir='ltr'><strong>aux</strong></span> 
     </span>
     <span class='ocr_line' id='line_1_29' title="bbox 140 2419 1555 2467; baseline -0.004 -8"><span class='ocrx_word' id='word_1_231' title='bbox 140 2423 275 2459; x_wconf 74' lang='lat' dir='ltr'><strong>soldats</strong></span> <span class='ocrx_word' id='word_1_232' title='bbox 291 2429 327 2456; x_wconf 72' lang='lat' dir='ltr'><strong>cet</strong></span> <span class='ocrx_word' id='word_1_233' title='bbox 347 2422 397 2456; x_wconf 78' lang='lat' dir='ltr'><strong>les</strong></span> <span class='ocrx_word' id='word_1_234' title='bbox 413 2421 673 2467; x_wconf 68' lang='lat' dir='ltr'><strong>gratifications</strong></span> <span class='ocrx_word' id='word_1_235' title='bbox 690 2420 736 2455; x_wconf 84' lang='lat' dir='ltr'><strong>de</strong></span> <span class='ocrx_word' id='word_1_236' title='bbox 752 2421 882 2455; x_wconf 76' lang='lat' dir='ltr'><strong>choeur</strong></span> <span class='ocrx_word' id='word_1_237' title='bbox 896 2432 940 2456; x_wconf 85' lang='lat' dir='ltr'><strong>au</strong></span> <span class='ocrx_word' id='word_1_238' title='bbox 956 2420 1087 2467; x_wconf 60' lang='lat' dir='ltr'><strong>clergo.</strong></span> <span class='ocrx_word' id='word_1_239' title='bbox 1105 2420 1153 2455; x_wconf 87' lang='lat' dir='ltr'><strong>La</strong></span> <span class='ocrx_word' id='word_1_240' title='bbox 1167 2420 1322 2455; x_wconf 57' lang='lat' dir='ltr'><strong>sedition</strong></span> <span class='ocrx_word' id='word_1_241' title='bbox 1335 2419 1474 2466; x_wconf 54' lang='lat' dir='ltr'><strong>dirigoe</strong></span> <span class='ocrx_word' id='word_1_242' title='bbox 1489 2431 1555 2467; x_wconf 83' lang='lat' dir='ltr'><strong>par</strong></span> 
     </span>
     <span class='ocr_line' id='line_1_30' title="bbox 141 2478 1555 2527; baseline -0.003 -10"><span class='ocrx_word' id='word_1_243' title='bbox 141 2495 200 2517; x_wconf 82' lang='lat' dir='ltr'><strong>ecs</strong></span> <span class='ocrx_word' id='word_1_244' title='bbox 221 2481 316 2515; x_wconf 77' lang='lat' dir='ltr'><strong>‹leux</strong></span> <span class='ocrx_word' id='word_1_245' title='bbox 334 2480 434 2515; x_wconf 80' lang='lat' dir='ltr'><strong>chess</strong></span> <span class='ocrx_word' id='word_1_246' title='bbox 451 2479 564 2513; x_wconf 53' lang='lat' dir='ltr'><strong>&amp;clara</strong></span> <span class='ocrx_word' id='word_1_247' title='bbox 586 2479 619 2514; x_wconf 78' lang='lat' dir='ltr'><strong>lc</strong></span> <span class='ocrx_word' id='word_1_248' title='bbox 638 2478 682 2513; x_wconf 77' lang='lat'><strong>25</strong></span> <span class='ocrx_word' id='word_1_249' title='bbox 700 2478 790 2513; x_wconf 81' lang='lat' dir='ltr'><strong>avril</strong></span> <span class='ocrx_word' id='word_1_250' title='bbox 807 2491 886 2527; x_wconf 69' lang='lat'>799.</span> <span class='ocrx_word' id='word_1_251' title='bbox 907 2480 1003 2514; x_wconf 63' lang='lat' dir='ltr'><strong>Loon</strong></span> <span class='ocrx_word' id='word_1_252' title='bbox 1020 2486 1148 2514; x_wconf 87' lang='lat' dir='ltr'><strong>trouva</strong></span> <span class='ocrx_word' id='word_1_253' title='bbox 1170 2478 1435 2525; x_wconf 81' lang='lat' dir='ltr'><strong>Charlemagne</strong></span> <span class='ocrx_word' id='word_1_254' title='bbox 1451 2479 1471 2513; x_wconf 71' lang='grc' dir='ltr'>ὲ</span> <span class='ocrx_word' id='word_1_255' title='bbox 1489 2478 1555 2513; x_wconf 84' lang='lat' dir='ltr'><strong>Pa-</strong></span> 
     </span>
     <span class='ocr_line' id='line_1_31' title="bbox 142 2536 1555 2585; baseline -0.004 -8"><span class='ocrx_word' id='word_1_256' title='bbox 142 2541 302 2577; x_wconf 76' lang='lat' dir='ltr'><strong>dcrborn</strong></span> <span class='ocrx_word' id='word_1_257' title='bbox 317 2568 326 2583; x_wconf 85' lang='lat'>,</span> <span class='ocrx_word' id='word_1_258' title='bbox 343 2546 379 2574; x_wconf 87' lang='lat' dir='ltr'><strong>ct</strong></span> <span class='ocrx_word' id='word_1_259' title='bbox 396 2540 512 2574; x_wconf 65' lang='lat' dir='ltr'><strong>rex-int</strong></span> <span class='ocrx_word' id='word_1_260' title='bbox 531 2541 548 2572; x_wconf 77' lang='lat' dir='ltr'><strong>a</strong></span> <span class='ocrx_word' id='word_1_261' title='bbox 573 2539 686 2573; x_wconf 73' lang='lat' dir='ltr'><strong>Rome</strong></span> <span class='ocrx_word' id='word_1_262' title='bbox 701 2538 733 2573; x_wconf 80' lang='lat' dir='ltr'><strong>le</strong></span> <span class='ocrx_word' id='word_1_263' title='bbox 750 2550 795 2585; x_wconf 78' lang='lat'><strong>29</strong></span> <span class='ocrx_word' id='word_1_264' title='bbox 815 2538 1010 2573; x_wconf 83' lang='lat' dir='ltr'><strong>novembre</strong></span> <span class='ocrx_word' id='word_1_265' title='bbox 1023 2538 1069 2573; x_wconf 84' lang='lat' dir='ltr'><strong>de</strong></span> <span class='ocrx_word' id='word_1_266' title='bbox 1086 2537 1119 2572; x_wconf 84' lang='lat' dir='ltr'><strong>la</strong></span> <span class='ocrx_word' id='word_1_267' title='bbox 1133 2537 1251 2572; x_wconf 56' lang='lat' dir='ltr'><strong>meme</strong></span> <span class='ocrx_word' id='word_1_268' title='bbox 1262 2538 1390 2571; x_wconf 46' lang='lat' dir='ltr'><strong>annue.</strong></span> <span class='ocrx_word' id='word_1_269' title='bbox 1404 2537 1462 2571; x_wconf 91' lang='lat' dir='ltr'><strong>Au</strong></span> <span class='ocrx_word' id='word_1_270' title='bbox 1480 2536 1555 2572; x_wconf 82' lang='lat' dir='ltr'><strong>lieu</strong></span> 
     </span>
     <span class='ocr_line' id='line_1_32' title="bbox 143 2595 1554 2645; baseline -0.003 -9"><span class='ocrx_word' id='word_1_271' title='bbox 143 2599 366 2636; x_wconf 74' lang='lat' dir='ltr'><strong>d&#39;ldilvalclo</strong></span> <span class='ocrx_word' id='word_1_272' title='bbox 377 2627 385 2642; x_wconf 84' lang='lat'><em>,</em></span> <span class='ocrx_word' id='word_1_273' title='bbox 403 2598 487 2632; x_wconf 75' lang='lat' dir='ltr'><strong>lisez</strong></span> <span class='ocrx_word' id='word_1_274' title='bbox 508 2596 743 2632; x_wconf 71' lang='lat' dir='ltr'><strong>llildebaltlo.</strong></span> <span class='ocrx_word' id='word_1_275' title='bbox 761 2598 813 2633; x_wconf 84' lang='lat' dir='ltr'><strong>Ce</strong></span> <span class='ocrx_word' id='word_1_276' title='bbox 829 2609 1053 2645; x_wconf 77' lang='lat' dir='ltr'><strong>personnage</strong></span> <span class='ocrx_word' id='word_1_277' title='bbox 1071 2597 1160 2632; x_wconf 61' lang='lat' dir='ltr'><strong>&amp;tait</strong></span> <span class='ocrx_word' id='word_1_278' title='bbox 1177 2595 1401 2643; x_wconf 60' lang='lat' dir='ltr'><strong>archevfique</strong></span> <span class='ocrx_word' id='word_1_279' title='bbox 1417 2595 1464 2632; x_wconf 85' lang='lat' dir='ltr'><strong>de</strong></span> <span class='ocrx_word' id='word_1_280' title='bbox 1480 2597 1554 2632; x_wconf 90' lang='lat' dir='ltr'><strong>Co-</strong></span> 
     </span>
     <span class='ocr_line' id='line_1_33' title="bbox 145 2654 1556 2707; baseline -0.002 -12"><span class='ocrx_word' id='word_1_281' title='bbox 145 2661 253 2707; x_wconf 80' lang='lat' dir='ltr'><strong>logne</strong></span> <span class='ocrx_word' id='word_1_282' title='bbox 265 2687 273 2701; x_wconf 84' lang='lat'>‚</span> <span class='ocrx_word' id='word_1_283' title='bbox 295 2666 331 2694; x_wconf 82' lang='lat' dir='ltr'><strong>ct</strong></span> <span class='ocrx_word' id='word_1_284' title='bbox 348 2660 474 2693; x_wconf 82' lang='lat' dir='ltr'><strong>Arnon</strong></span> <span class='ocrx_word' id='word_1_285' title='bbox 494 2657 540 2692; x_wconf 70' lang='lat' dir='ltr'><strong>de</strong></span> <span class='ocrx_word' id='word_1_286' title='bbox 564 2657 775 2703; x_wconf 77' lang='lat' dir='ltr'><strong>salzbourg.</strong></span> <span class='ocrx_word' id='word_1_287' title='bbox 790 2656 1058 2703; x_wconf 83' lang='lat' dir='ltr'><strong>Charlemagne</strong></span> <span class='ocrx_word' id='word_1_288' title='bbox 1073 2657 1190 2691; x_wconf 84' lang='lat' dir='ltr'><strong>arriva</strong></span> <span class='ocrx_word' id='word_1_289' title='bbox 1207 2656 1228 2689; x_wconf 71' lang='lat' dir='ltr'><strong>&#39;a</strong></span> <span class='ocrx_word' id='word_1_290' title='bbox 1244 2654 1361 2692; x_wconf 83' lang='lat' dir='ltr'><strong>Rome</strong></span> <span class='ocrx_word' id='word_1_291' title='bbox 1378 2655 1412 2692; x_wconf 85' lang='lat' dir='ltr'><strong>le</strong></span> <span class='ocrx_word' id='word_1_292' title='bbox 1426 2658 1472 2699; x_wconf 73' lang='lat'><strong>24</strong></span> <span class='ocrx_word' id='word_1_293' title='bbox 1488 2655 1556 2692; x_wconf 66' lang='lat' dir='ltr'><strong>dc·—</strong></span> 
     </span>
     <span class='ocr_line' id='line_1_34' title="bbox 145 2713 1226 2763; baseline -0.006 -9"><span class='ocrx_word' id='word_1_294' title='bbox 145 2719 290 2754; x_wconf 75' lang='lat' dir='ltr'><strong>cembre</strong></span> <span class='ocrx_word' id='word_1_295' title='bbox 309 2717 376 2754; x_wconf 82' lang='lat'><strong>800</strong></span> <span class='ocrx_word' id='word_1_296' title='bbox 390 2745 399 2761; x_wconf 88' lang='lat'>,</span> <span class='ocrx_word' id='word_1_297' title='bbox 419 2723 455 2752; x_wconf 86' lang='lat' dir='ltr'><strong>ct</strong></span> <span class='ocrx_word' id='word_1_298' title='bbox 474 2717 529 2751; x_wconf 71' lang='lat' dir='ltr'><strong>sut</strong></span> <span class='ocrx_word' id='word_1_299' title='bbox 549 2716 732 2763; x_wconf 68' lang='lat' dir='ltr'><strong>proclamt‘·</strong></span> <span class='ocrx_word' id='word_1_300' title='bbox 747 2727 942 2762; x_wconf 84' lang='lat' dir='ltr'><strong>empereur</strong></span> <span class='ocrx_word' id='word_1_301' title='bbox 958 2715 991 2750; x_wconf 85' lang='lat' dir='ltr'><strong>le</strong></span> <span class='ocrx_word' id='word_1_302' title='bbox 1008 2713 1226 2750; x_wconf 80' lang='lat' dir='ltr'><strong>lendemain.</strong></span> 
     </span>
    </p>
   </div>
  </div>
 </body>
</html>
