1738 3043
581 239 735 278 LIBER
762 239 1043 281 SECUNDUS.
1453 243 1524 282 241

108 320 288 383 linguas
315 318 503 366 tribuit.
542 319 609 366 lbi
644 320 759 366 dum
784 321 952 367 Paulus
983 321 1177 367 diversis
1209 321 1389 369 morbis
1423 323 1529 370 lan-

105 408 301 461 guentes
316 407 504 444 curaret
524 398 569 443 in
586 397 783 444 nomine
798 397 992 444 Domini
1010 400 1138 456 Jesu,
1158 411 1337 464 septem
1356 400 1528 458 Judaei‚

107 475 266 521 Scevae
291 475 522 539 principis
557 475 857 522 sacerdotum
889 476 1001 532 filii,
1042 477 1340 525 daemoniaco
1364 496 1532 525 manus

110 553 356 618 imponere
399 565 834 618 praesumpserunt,
879 555 1186 617 conjurantes
1224 574 1310 619 per
1352 574 1530 604 nomen

107 632 301 679 Domini
325 633 435 680 Jesu
450 670 462 693 ,
482 649 625 696 quem
649 630 939 696 praedicabat
955 631 1142 679 Paulus.
1165 634 1370 682 Daemon
1390 652 1506 682 vero
1516 671 1530 692 ‚

106 727 192 774 per
230 709 473 758 obsessum
514 709 789 768 hominem,
832 710 992 757 Jesum
1031 720 1078 757 et
1113 710 1401 775 discipulum
1438 715 1535 777 ejus

107 790 303 837 Paulum
321 789 475 854 palam
493 789 792 855 recognovit.
816 789 970 854 Super
991 789 1202 837 infideles
1220 802 1379 838 autem
1398 809 1537 839 exor-

107 869 243 915 cistas
291 877 487 932 repente
530 868 673 914 irruit
722 879 770 915 et
821 867 1048 915 laceratos
1096 868 1341 933 effugavit.
1393 870 1533 916 Multi

107 945 422 1011 Ephesiorum
438 982 451 1003 ,
478 945 636 993 audita
661 946 1004 1011 praedicatione
1027 947 1263 1005 veritatis,
1292 948 1536 995 credentes

107 1025 332 1090 baptizati
370 1035 481 1072 sunt
493 1043 506 1082 ;
545 1035 593 1072 et
626 1025 770 1091 aliqui
804 1026 1108 1073 curiosorum
1141 1027 1350 1092 magicos
1389 1027 1538 1074 libros

110 1102 428 1149 incenderunt
440 1138 453 1159 ,
476 1119 685 1167 quorum
701 1103 913 1167 pretium
932 1103 1279 1169 quinquaginta
1296 1104 1445 1151 millia
1463 1104 1539 1151 de-

108 1181 358 1228 nariorum
376 1182 752 1228 aestimaverunt.
777 1182 847 1228 Ita
866 1181 1062 1229 fortiter
1084 1181 1287 1230 verbum
1305 1183 1389 1231 Dei
1416 1201 1539 1231 cres-

107 1259 245 1308 cebat
269 1269 315 1307 et
336 1259 703 1307 confortabatur
717 1279 730 1317 ;
758 1270 805 1307 et
828 1259 1049 1308 fidelibus
1075 1261 1122 1309 in
1143 1263 1291 1327 gratia
1317 1263 1401 1310 Dei
1427 1281 1538 1312 cor-

108 1337 365 1395 roboratis,
387 1338 647 1403 impiorum
663 1356 770 1402 pars
787 1337 1056 1386 tabescebat
1072 1349 1117 1386 et
1134 1339 1535 1387 confundebatur.

108 1416 279 1463 Paulus
302 1426 462 1463 autem
481 1415 795 1463 Timotheum
816 1428 863 1464 et
881 1417 1107 1464 Erastum
1133 1418 1182 1464 in
1208 1418 1537 1466 Macedoniam

107 1495 266 1553 misit3
290 1495 388 1559 ipse
412 1511 526 1542 vero
549 1495 607 1541 ad
632 1504 818 1559 tempus
843 1495 892 1541 in
921 1494 1029 1541 Asia
1053 1496 1281 1543 remansit
1306 1497 1401 1560 (ι).

172 1573 442 1621 Demetrius
488 1573 784 1638 argentarius
829 1572 994 1621 videns
1035 1573 1287 1639 Ephesios,
1334 1574 1538 1623 docente

107 1651 278 1709 Paulo,
305 1651 430 1700 aedes
447 1651 613 1698 Dianae
635 1650 918 1709 deseruisse,
945 1651 1209 1718 dolensque
1231 1652 1421 1699 lucrum
1440 1671 1537 1699 suae

107 1731 252 1789 artis,
291 1729 407 1777 dum
445 1729 695 1776 simulacra
722 1724 1085 1787 damnarentur,
1130 1731 1179 1777 in
1220 1729 1428 1777 nihilum
1461 1749 1539 1778 re-

108 1808 273 1866 diisse,
312 1808 567 1872 complices
597 1808 905 1866 convocavit,
941 1825 1249 1855 communem
1287 1808 1540 1873 querimo-

109 1887 239 1933 niam
273 1886 522 1942 enodavit,
550 1897 597 1933 et
622 1886 876 1933 clamosam
898 1886 1026 1949 vulgi
1056 1885 1341 1933 seditionem
1368 1886 1536 1932 conci-

112 1964 245 2010 tavit.
285 1963 423 2010 Unde
460 1964 508 2008 in
547 1962 787 2011 theatrum
819 1962 1015 2010 demens
1053 1960 1194 2008 turba
1229 1979 1337 2007 cum
1372 1961 1537 2009 surore

112 2043 349 2100 cucurrit,
373 2041 546 2088 Gaium
567 2052 614 2087 ct
637 2040 967 2087 Aristarchum
992 2040 1274 2087 Macedones
1296 2039 1426 2085 Pauli
1454 2057 1538 2086 co—

111 2123 251 2169 mites
282 2121 467 2185 rapuit;
496 2119 573 2167 sed
606 2120 831 2184 strepitus
858 2120 1134 2165 insanorum
1162 2120 1206 2163 in
1244 2128 1390 2162 semet
1415 2135 1537 2163 con-

110 2200 241 2247 fusus
265 2199 385 2246 nihil
407 2198 658 2264 praevaluit·
682 2199 774 2262 (2).

176 2279 365 2336 Paulus,
382 2278 542 2324 accitis
558 2275 804 2332 fratribus,
820 2293 929 2321 cum
944 2274 1278 2321 exhortatione
1294 2273 1534 2328 valedixit,

113 2368 158 2405 et
185 2356 319 2414 inde,
345 2367 400 2402 ut
425 2356 472 2402 in
498 2355 823 2402 Macedoniam
850 2354 963 2410 iret,
999 2354 1089 2400 iter
1111 2352 1235 2398 iniit.
1268 2353 1321 2398 ln
1353 2351 1536 2397 Graecia

115 2434 266 2481 tribus
298 2433 540 2481 mensibus
571 2433 761 2478 mansit.
791 2432 1001 2479 Comites
1030 2442 1188 2477 autem
1214 2431 1312 2495 ejus
1335 2430 1533 2477 fuerunt

114 2511 353 2577 Sosipater
382 2511 506 2556 Birri
539 2510 831 2566 Beroeensis;
873 2510 913 2554 T
918 2507 1367 2556 hessalonicensium
1390 2524 1532 2559 vero,

166 2760 211 2797 [1‘1
243 2759 324 2793 Act.
343 2767 460 2805 apost.
484 2772 558 2802 xix,
595 2770 689 2793 ι-Ή.
714 2757 802 2803 (35.)
821 2778 866 2784 --
885 2759 934 2801 (2)
956 2757 1052 2792 Ibsd.
1076 2770 1146 2794 xix,
1170 2755 1293 2798 osv-40.
1316 2753 1469 2802 (ἇς-58.)

217 2838 248 2864 ι.
1290 2816 1344 2861 16
