1738 3043
235 248 314 284 350
599 243 844 283 HISTORIA
872 243 1274 285 ECCLESIASTICA.

234 325 354 373 stola
374 333 775 388 properaverunt,
798 333 845 370 et
864 322 1200 388 praedicantes,
1221 323 1414 389 impiam
1432 324 1647 375 haeresim

235 402 573 448 destruxerunt
598 400 686 463 (1).

299 479 366 526 Ut
389 478 486 525 veri
510 487 718 541 pastores
745 476 943 524 verbum
970 479 1054 526 Dei
1082 479 1488 544 evangelizabant,
1515 481 1648 545 igna-

234 576 312 605 ros
335 555 600 615 docebant,
628 565 832 621 aegrotos
857 555 1112 614 curabant,
1151 575 1441 623 omnemque
1470 559 1650 607 sollici—

234 636 449 683 tudinem
478 653 583 699 erga
609 646 818 682 sanctam
846 636 1128 701 religionem
1153 636 1416 696 habebant;
1442 647 1490 685 et
1514 656 1574 686 ne
1599 638 1648 686 in

231 713 438 777 aliquam
489 711 706 758 haeresim
749 711 980 777 neophyti
1033 713 1299 761 inciderent
1348 731 1648 779 summopere

230 788 587 855 praecavebant,
614 789 814 854 ideoque
831 790 1110 855 frequenter
1135 791 1347 838 ecclesias
1365 791 1645 852 visitabant,

232 869 281 914 in
312 866 486 930 quibus
511 864 711 913 verbum
737 865 819 913 Dei
848 867 1237 930 praedicaverant.
1266 867 1491 916 Callidam
1519 869 1649 916 enim

232 945 416 991 Satanae
452 944 671 990 astutiam
713 961 809 991 esse
855 943 1094 1001 sciebant,
1147 945 1347 1011 ideoque
1395 963 1456 994 ne
1506 942 1647 994 corda

229 1033 455 1070 renovata
502 1032 777 1069 sanctorum
824 1021 1046 1071 lethifero
1095 1024 1310 1087 germine
1358 1024 1649 1072 zizaniorum

229 1099 434 1147 foedaret
453 1098 786 1164 providebant.
806 1100 1116 1147 Postmodum
1130 1137 1143 1158 ,
1164 1111 1217 1148 ut
1241 1103 1388 1149 Lucas
1408 1103 1473 1148 ait
1492 1103 1647 1149 Evan-

228 1178 425 1243 gelista,
461 1177 615 1223 visum
646 1186 714 1224 est
757 1177 822 1224 eis
859 1187 913 1223 ut
947 1178 1118 1224 Paulus
1154 1189 1474 1228 reverteretur
1507 1180 1648 1228 Jero-

227 1255 423 1320 solymis
438 1293 448 1311 ,
475 1253 710 1301 Barnabas
732 1266 889 1302 autem
913 1264 1148 1319 repeteret
1170 1256 1386 1321 Cyprum
1407 1257 1646 1305 civitatem

227 1350 378 1394 suam,
395 1332 452 1380 de
466 1350 557 1398 qua
573 1343 707 1380 ortus
718 1342 817 1379 erat
830 1333 924 1397 (2).
943 1334 1179 1381 Joannem
1192 1351 1307 1382 vero
1323 1346 1645 1401 cognomento

224 1412 445 1459 Marcum
470 1411 519 1457 in
542 1411 810 1458 ministerio
832 1427 991 1458 secum
1015 1410 1235 1459 habebat.
1266 1412 1354 1459 Hic
1384 1413 1642 1471 nimirum,

225 1506 336 1536 cum
361 1488 579 1536 ethnicus
598 1498 741 1544 esset,
766 1498 811 1534 et
834 1505 943 1534 cum
962 1488 1190 1536 Orduone
1207 1490 1338 1537 socio
1356 1507 1441 1537 suo
1460 1490 1644 1555 Cyrillo

225 1565 442 1630 pontifici
476 1564 797 1611 nefandissimi
829 1565 958 1611 Jovis
990 1565 1313 1623 ministraret,
1342 1568 1392 1614 in
1417 1567 1525 1615 loco
1558 1568 1640 1632 qui

223 1642 400 1688 dicitur
434 1641 651 1689 Iconium
684 1658 769 1704 per
790 1639 1051 1686 Barnabam
1084 1652 1131 1688 et
1155 1641 1353 1689 Paulum
1377 1641 1642 1707 baptizatus

223 1729 318 1775 est,
353 1728 399 1765 et
422 1716 626 1765 fideliter
648 1717 772 1781 ipsos
802 1734 888 1780 per
914 1717 1120 1781 plurima
1142 1718 1243 1765 loca
1273 1719 1525 1766 comitatus
1548 1730 1635 1768 est.

287 1795 505 1859 Denique
532 1794 647 1839 dum
670 1793 887 1858 praedicti
913 1794 1114 1859 apostoli
1146 1795 1195 1842 in
1221 1794 1499 1861 Pamphylia
1517 1815 1640 1861 prae-

221 1872 434 1920 dicarent
447 1909 459 1933 ,
482 1881 529 1919 et
547 1872 686 1918 multi
704 1872 983 1920 Judaeorum
1001 1883 1143 1938 atque
1159 1874 1412 1939 gentilium
1429 1875 1638 1924 Domino

221 1950 553 2008 credidissent,
593 1950 800 2015 angelica
831 1969 916 2015 per
945 1961 1138 1999 noctem
1171 1952 1353 2001 visione
1379 1953 1532 2000 visum
1567 1963 1639 2001 est

218 2029 365 2076 Paulo
390 2039 445 2076 ut
470 2028 728 2076 Jerusalem
756 2028 954 2076 celerius
984 2040 1263 2094 properaret
1295 2040 1342 2077 et
1372 2029 1637 2079 Barnabam

218 2106 287 2153 ire
314 2106 529 2171 Cyprum
557 2098 873 2169 permitteret.
907 2105 1066 2153 Relata
1092 2123 1206 2154 vero
1238 2106 1442 2164 visione,
1470 2107 1636 2172 positis

219 2181 419 2247 genibus
436 2193 695 2230 oraverunt
709 2218 722 2240 ,
744 2193 792 2229 et
809 2182 1074 2231 osculantes
1093 2200 1140 2232 se
1163 2183 1368 2232 invicem
1387 2200 1496 2234 cum
1515 2183 1636 2234 mul-

260 2392 311 2437 (1)
336 2392 422 2426 Act.
440 2397 558 2436 apost.
574 2402 644 2433 xiv,
665 2389 766 2434 6-xv‚
793 2389 889 2426 1-51.

260 2451 312 2495 (2)
337 2449 434 2485 Ibid.
460 2462 521 2494 κν,
542 2448 597 2497 39.
625 2450 676 2485 Ce
694 2463 740 2485 ne
758 2450 814 2485 fut
838 2451 943 2498 point
966 2463 1061 2499 pour
1084 2459 1279 2488 retourner
1295 2454 1316 2487 a
1336 2449 1535 2488 Jerusalem
1559 2463 1631 2499 que

215 2508 310 2543 saint
326 2507 415 2543 Paul
435 2519 471 2542 se
495 2510 619 2555 separa
639 2507 685 2543 de
703 2509 797 2544 saint
814 2510 933 2554 Marc,
953 2517 991 2546 et
1012 2510 1110 2546 leurs
1131 2510 1262 2546 adieux
1283 2522 1329 2546 ne
1347 2509 1547 2557 paraissent
1568 2521 1630 2556 pas

216 2568 314 2602 avoir
330 2568 387 2601 ete
412 2567 505 2600 aussi
523 2567 722 2602 ass'ectueux
745 2580 816 2615 que
836 2569 868 2604 le
890 2576 1062 2617 rapporbe
1086 2576 1191 2605 notre
1208 2576 1338 2604 auteur
1360 2567 1450 2602 dans
1470 2567 1504 2602 le
1522 2580 1629 2615 para-

219 2625 355 2672 grapho
370 2624 521 2658 suivant.
545 2625 659 2659 Facta
674 2632 728 2660 est
740 2633 863 2662 autem
880 2627 1077 2672 dissensio,
1098 2630 1150 2662 ita
1164 2634 1203 2662 ut
1222 2625 1452 2662 discederent
1469 2626 1517 2661 ab
1536 2628 1628 2661 invi-

218 2697 311 2729 cem,
332 2683 450 2720 disent
469 2682 520 2718 les
538 2685 651 2718 Actes
668 2684 734 2719 des
755 2686 927 2732 Ap6tres.
943 2688 989 2722 Le
1008 2687 1234 2734 paragraphe
1251 2686 1392 2721 suivant
1409 2685 1501 2722 n'est
1515 2686 1628 2733 qu'un

216 2743 348 2779 double
366 2742 498 2789 emploi
519 2743 563 2777 de
581 2743 739 2778 celui-ci.
