1738 3043
591 235 746 275 LIBER
773 236 1055 277 SECUNDUS.
1460 243 1539 281 243

110 334 196 382 per
225 317 462 381 Spiritum
490 318 722 364 Sanctum
753 316 978 381 praedixit
1001 317 1132 383 quod
1168 318 1361 366 Paulum
1387 321 1435 367 in
1460 322 1536 369 Je-

112 395 313 442 rusalem
348 396 500 443 Judaei
538 396 604 442 sic
642 394 917 460 alligarent,
952 406 1000 443 et
1039 397 1085 442 in
1121 414 1289 445 manus
1323 400 1540 464 gentium

114 473 374 521 traderent.
399 473 649 521 Flentibus
680 473 866 519 cunctis
882 510 894 534 ,
924 483 971 520 et
993 474 1272 539 rogantibus
1296 494 1356 523 ne
1379 494 1539 525 ascen·

110 550 270 607 deret,
297 550 468 597 Paulus
492 550 613 597 dixit
641 569 651 596 :
682 551 797 615 Ego
824 568 918 598 non
943 551 1101 597 solum
1123 552 1354 617 alligari,
1381 554 1470 601 sed
1497 566 1542 602 et

111 631 232 675 mori
256 631 306 675 in
325 629 595 676 Jerusalem
612 639 826 694 paratus
851 646 982 686 sum,
1002 641 1207 695 propter
1233 648 1404 678 nomen
1434 633 1543 680 Do-

111 707 235 752 mini
253 707 371 754 Jesu
393 707 487 770 (1).

175 786 344 832 Fretus
370 784 527 850 itaque
554 783 663 831 fidei
690 783 958 831 constantia
984 783 1245 832 Jerusalem
1275 786 1430 843 venit,
1457 787 1542 833 Ja-

111 863 235 912 cobo
259 863 455 929 aliisque
476 861 745 910 senioribus
769 862 1011 911 enarravit
1034 879 1143 929 quae
1168 863 1293 911 Deus
1316 864 1365 910 in
1389 866 1543 930 genti-

110 940 198 988 bus
227 960 311 1006 per
333 942 657 988 ministerium
685 941 830 1007 ipsius
854 941 1040 989 fecerit.
1067 941 1132 989 At
1157 941 1225 989 illi
1252 960 1362 990 cum
1385 943 1545 990 audis-

110 1031 216 1067 sent
250 1020 614 1069 conversionem
645 1020 863 1085 gentium
882 1055 895 1077 ‚
932 1019 1362 1085 magnificaverunt
1392 1021 1546 1069 Deum

111 1109 374 1146 creatorem
396 1098 633 1145 omnium.
654 1097 837 1146 Deinde
856 1097 1027 1145 Paulus
1044 1116 1177 1145 causa
1195 1098 1547 1163 purificationis

112 1178 160 1224 in
180 1177 414 1242 templum
431 1177 657 1233 intravit,
675 1186 723 1223 et
738 1177 958 1224 mosaicae
974 1176 1088 1242 legis
1110 1177 1411 1226 caerimonias
1434 1196 1549 1243 per-

109 1256 294 1304 solvere
314 1256 462 1320 coepit
476 1291 489 1315 ,
510 1265 564 1301 ut
580 1254 944 1302 aemulatoribus
962 1266 1176 1321 paternae
1196 1256 1309 1322 legis
1326 1258 1547 1304 omnium

110 1334 411 1382 occasionem
435 1333 769 1382 scandalorum
801 1333 1044 1392 demeret,
1072 1344 1120 1382 et
1149 1335 1342 1382 Judaeus
1372 1335 1548 1383 Judaeis

111 1412 292 1471 factus,
328 1414 394 1460 sic
427 1430 594 1461 omnes
636 1412 956 1460 lucrifaceret.
988 1412 1141 1460 Judaei
1175 1425 1336 1461 autem
1373 1415 1457 1480 qui
1492 1414 1550 1463 de

110 1491 216 1538 Asia
242 1502 405 1549 erant,
434 1500 488 1537 ut
511 1508 621 1538 eum
645 1491 694 1537 in
722 1490 904 1556 templo
921 1491 1173 1550 viderunt,
1195 1492 1434 1541 malivolis
1459 1493 1550 1540 cla-

109 1568 328 1616 moribus
363 1585 558 1616 omnem
593 1568 829 1633 populum
853 1569 1250 1628 concitaverunt,
1278 1571 1417 1636 eique
1449 1589 1548 1618 ma-

84 1678 88 1683 ·
111 1664 200 1693 nus
224 1648 511 1712 injecerunt.
540 1648 662 1695 Tota
692 1647 856 1694 civitas
881 1658 1127 1695 commota
1152 1658 1250 1707 est,
1276 1659 1324 1696 et
1349 1665 1550 1696 concur-

110 1726 181 1772 sio
206 1725 374 1791 populi
404 1724 527 1772 facta
550 1735 638 1773 cst.
672 1725 874 1772 Paulum
906 1725 1066 1791 itaque
1097 1726 1544 1792 apprehenderunt,

110 1813 243 1850 extra
284 1803 520 1868 templum
556 1813 834 1860 traxerunt,
875 1804 1132 1870 statimque
1166 1808 1334 1870 januas
1369 1805 1547 1853 clause-

111 1891 252 1939 runt,
295 1891 344 1928 et
385 1882 539 1946 ipsum
576 1882 924 1947 percutientes,
967 1882 1185 1930 occidere
1225 1883 1540 1948 quaesierunt.

111 1958 333 2005 Claudius
359 1960 520 2024 Lysias
558 1958 782 2006 tribunus
814 1959 1055 2016 cohortis,
1094 1970 1149 2006 ut
1183 1959 1356 2007 urbem
1384 1959 1539 2008 subita

110 2035 386 2085 turbatione
403 2037 634 2085 confundi
651 2038 849 2095 audivit,
864 2038 1113 2102 assumptis
1128 2037 1363 2084 militibus
1378 2049 1425 2087 et
1437 2057 1541 2086 cen·

109 2115 385 2164 turionibus
408 2117 570 2163 statim
596 2116 653 2163 ad
681 2116 787 2164 illos
812 2116 1048 2177 decurrit3
1079 2117 1278 2163 Paulum
1307 2135 1448 2175 vero,
1477 2136 1538 2165 ne

109 2194 486 2252 interficeretur,
515 2195 558 2241 vi
597 2195 801 2260 eripuit,
837 2196 1115 2260 injectisque
1147 2194 1327 2242 duabus
1361 2197 1538 2243 catenis

108 2273 325 2320 vinctum
350 2274 408 2321 (le
428 2273 641 2320 tumultu
659 2274 890 2332 extraxit,
915 2284 960 2321 et
979 2275 1086 2340 quis
1107 2285 1226 2321 esset
1242 2274 1314 2321 vel
1331 2275 1446 2340 quid
1468 2274 1536 2321 fe-

107 2352 267 2409 cisset,
287 2352 692 2417 interrogaturus,
715 2353 761 2399 in
780 2364 929 2399 castra
948 2353 1154 2399 induxit.
1177 2353 1434 2400 Annuentc
1451 2354 1535 2399 tri-

108 2426 265 2486 buno,
294 2430 466 2477 Paulus
491 2430 536 2476 in
558 2430 728 2493 gradus
747 2431 979 2487 ascendit,
1003 2441 1050 2477 et
1069 2430 1286 2477 hebraice
1304 2430 1530 2496 loquens,

108 2518 284 2554 certam
311 2509 480 2556 scriem
512 2510 837 2556 conversionis
873 2527 969 2555 suae
1001 2509 1180 2556 detexit
1208 2520 1256 2555 et
1280 2526 1532 2556 eonversa-

177 2772 201 2793 ιγ
251 2760 314 2792 161.
337 2768 454 2803 ruwet.
477 2774 549 2798 xxi,
577 2760 694 2795 lev-13.
718 2759 805 2797 {55⁴}
